2534 3948
413 219 601 277 SthARUM
619 221 650 278 L.
670 221 717 289 ΙΙΙ,
738 225 761 276 2.
1086 222 1128 287 75

48 365 241 451 Praenatet,
265 370 298 433 et
321 367 437 432 subitis
460 367 515 451 qui
537 367 677 450 perdidit
698 368 833 452 inguina
855 368 1008 434 monstris

46 455 197 522 Glaucus
216 456 322 521 adhue
344 456 457 540 patriis
482 455 632 540 quotiens
657 456 810 524 allabitur
833 457 908 522 oris

47 544 219 610 Litoream
242 544 364 610 blanda
385 545 503 610 feriens
526 543 726 610 Anthedona
747 545 859 611 cauda.
895 597 896 604 κ
985 559 996 582 ·

49 633 105 697 Tu
128 637 240 698 tamen
263 637 339 698 ante
362 654 485 716 omnes,
507 632 583 698 diua
606 649 679 700 eum
702 637 808 700 matre
827 633 1015 719 Palaemon,

49 722 186 805 Annae,
210 722 238 786 si
259 725 386 786 uestras
410 743 501 788 amor
523 725 573 788 est
594 721 676 788 mihi
697 723 840 806 pandere
863 721 1009 808 Thebas·

50 807 126 874 Nee
151 831 231 874 eano
255 810 406 896 degeneri
428 809 616 876 Phoebeum
639 809 825 895 Amphione
847 812 981 895 plectro.
1093 845 1096 850 ·

49 897 99 964 Et
122 901 225 982 pater,
247 899 361 965 Aeolio
384 899 511 982 frangit
534 899 588 983 qui
611 919 738 966 earcere
760 903 885 981 uentos,

51 985 117 1052 Cui
140 987 224 1051 uarii
245 987 340 1052 flatus
365 987 533 1072 omnisque
555 1009 614 1072 per
634 1008 776 1073 aequora
798 988 891 1072 ponti

47 1073 198 1158 Spiritus
222 1078 317 1160 atque
339 1075 464 1140 hiemes
486 1075 700 1164 nimbosaque
722 1077 835 1143 nubila
857 1081 981 1161 parent,

50 1163 170 1228 Artius
194 1163 321 1229 obiecto
341 1162 471 1229 Borean
493 1160 682 1248 Eurumque
705 1163 891 1250 Notumque

51 1249 169 1316 Monte
191 1256 331 1336 premat:
354 1253 416 1318 soli
438 1251 587 1338 Zephyro
610 1254 654 1318 sit
676 1254 769 1338 eopia
792 1255 882 1337 eseli,
937 1289 939 1294 v

53 1339 154 1406 Solus
178 1345 256 1426 agat
277 1363 404 1426 puppes
427 1362 632 1425 summasque
656 1343 987 1428 supernatetundas,
1051 1399 1054 1406 .

51 1428 217 1494 Assiduus
239 1430 368 1514 pelag03
399 1429 501 1496 donee
523 1434 581 1496 tua
602 1431 731 1496 turbine
754 1432 847 1497 nullo

51 1517 160 1582 Laesa
181 1517 362 1584 Paretoniis
385 1519 530 1604 assignet
552 1519 688 1584 carbasa
710 1518 811 1603 ripis?

52 1606 225 1671 Audimus.
262 1610 358 1672 uoeat
379 1607 450 1690 ipse
472 1611 575 1672 ratem
597 1611 778 1692 nautasque
801 1610 966 1673 morantes
1031 1651 1034 1657 -

51 1695 215 1779 Increpat.
251 1716 323 1762 ecee
345 1717 453 1760 meum
475 1695 589 1760 timido
613 1696 678 1760 lam
701 1696 822 1781 frigore
845 1699 958 1780 peetus

51 1783 194 1848 Labitur
215 1787 249 1850 et
270 1805 404 1869 nequeo,
427 1785 577 1870 quamuis
590 1785 851 1852 ,mouetominis
875 1785 998 1869 horror,

54 1870 214 1937 Claudere
238 1894 413 1956 suspensos
436 1874 603 1938 oculorum
626 1874 661 1938 in
683 1875 832 1958 margine
853 1873 958 1938 fletus.
1068 1923 1070 1932 .

53 1961 190 2044 lamque
212 1963 316 2026 ratem
339 1963 435 2026 terris
459 1961 571 2026 diuisit
594 1961 671 2028 fune
696 1963 802 2028 soluto

53 2049 181 2115 Nauita
203 2053 236 2115 et
259 2053 434 2134 angustum
458 2050 573 2119 deieeit
595 2051 629 2116 in
654 2071 793 2134 aequora
815 2053 957 2133 pontem

56 2137 183 2204 Saeuus
207 2140 241 2203 et
263 2159 280 2202 e
303 2139 405 2222 puppi
427 2139 526 2223 longo
550 2139 689 2204 elamore
713 2139 871 2222 magister

54 2226 206 2310 Dissipat
229 2226 396 2310 amplexus
421 2230 517 2312 atque
541 2227 653 2292 oscula
675 2227 740 2292 fida
762 2226 903 2308 reuellit,¹

54 2314 127 2380 Nee
149 2315 285 2400 longum
308 2336 383 2380 cara
405 2315 482 2380 huet
503 2314 538 2380 in
561 2316 686 2380 oeruiee
708 2315 836 2382 morari.

54 2402 214 2468 Attamen
236 2405 272 2466 in
294 2407 397 2468 terras
420 2425 437 2467 e
460 2403 554 2487 plebe
575 2404 775 2470 ,nouissimus
798 2404 887 2470 omui

55 2492 116 2556 Ibo
140 2493 200 2555 neo
223 2491 370 2577 egrediar
391 2491 456 2557 nisi
477 2492 543 2556 iam
565 2498 703 2558 ourreate
726 2493 844 2558 carina.
1094 2507 1128 2557 eo

57 2579 139 2655 Quis
162 2579 241 2644 rude
263 2581 299 2644 in
322 2580 502 2644 abscissum
525 2580 651 2646 miseris
675 2581 896 2646 animantibus
920 2600 1040 2664 aequor

54 2668 149 2732 Fecit
170 2669 233 2732 iter
256 2668 440 2751 solidaeque
463 2669 534 2752 pios
558 2669 682 2734 telluris
706 2670 855 2735 alumnos

55 2756 193 2840 Expulit
214 2756 250 2820 in
272 2756 388 2822 fluetus
410 2757 590 2842 pelagoque
612 2758 749 2824 immisit
769 2757 877 2822 hianti

56 2844 176 2910 Audax
198 2844 342 2930 ingenii?
364 2865 433 2911 nee·
447 2846 534 2910 enim
556 2847 728 2911 temeraria
751 2847 855 2911 uirtus
881 2878 883 2887 ·

55 2933 119 2998 Illa
141 2934 257 3018 magis,
280 2955 425 3000 summae
448 2934 591 3018 gelidum
614 2957 696 3019 quae
719 2933 833 3001 Pelion
856 2933 958 3000 Ossae
1093 2949 1127 2998 aa

56 3021 169 3086 Iunxit
191 3020 461 3106 anhelantemque
484 3023 568 3108 iugis
591 3023 642 3087 bis
666 3024 785 3107 pressit
808 3021 993 3107 Olympum.

128 3273 163 3322 43
186 3267 267 3336 ponti
289 3266 437 3322 Heinsius:
465 3266 564 3322 mundi
582 3273 600 3319 ο
618 3286 636 3320 ι
652 3269 662 3336 ΙΙ
680 3273 717 3322 44
734 3269 821 3337 atque
839 3271 871 3322 5:
891 3268 922 3322 at
939 3272 957 3318 ο
975 3268 1020 3322 ast
1038 3269 1125 3336 ιΙΙ49

57 3339 150 3394 Laesa
167 3338 316 3392 Haustus:
338 3337 427 3393 Laeta
445 3343 462 3390 c
481 3356 499 3390 ι
519 3340 529 3407 ΙΙ
552 3343 586 3392 51
605 3354 671 3394 eene
689 3342 712 3390 Δ
730 3343 760 3392 o:
783 3339 849 3392 inde
869 3343 886 3392 5
909 3339 919 3407 11
942 3343 976 3393 60
1000 3340 1128 3392 currente

57 3411 105 3464 uir
123 3409 218 3464 &aaa
235 3409 401 3478 amotoque:
418 3426 469 3464 om.
488 3414 506 3461 ⁰
524 3427 542 3463 a
559 3410 675 3464 eedente
695 3413 713 3464 5
736 3411 746 3478 ΙΙ
768 3415 801 3464 61
821 3409 981 3479 inseripti:
1000 3409 1029 3463 et
1047 3414 1065 3460 c
1083 3426 1101 3460 ι
1121 3407 1125 3480 l

57 3479 198 3535 abscisum
218 3481 307 3550 51163
326 3478 418 3534 hianti
437 3484 455 3534 5
473 3479 629 3536 Beothius:
647 3480 757 3535 hiantes
775 3485 793 3532 0
812 3499 830 3533 a
