2534 3948
421 214 607 272 sumaun
625 217 656 270 u.
675 217 723 286 111,
742 222 767 273 3.

57 361 213 430 Conubia
236 361 350 448 ganisa
373 361 497 426 domus.
532 383 592 426 nee
614 361 752 446 pignora
774 359 884 446 longe3

58 452 190 536 Quippe
214 451 264 516 bis
289 450 330 514 ad
352 453 465 534 partus
489 450 579 514 uenit
600 449 722 514 Lucina
745 471 906 533 manuque

55 541 139 625 Ipsa
160 540 227 605 leui
250 539 402 624 grauidas
424 539 534 624 tetigit
556 537 693 603 fecunda
715 538 852 604 labores.

55 629 153 693 Felix
177 629 210 694 o!
235 629 263 693 si
285 628 384 712 longa
406 628 483 712 dies,
507 627 536 691 si
558 647 686 692 cernere
709 626 821 694 uultus

56 717 224 783 Natorum
246 716 420 801 uiridisque
444 737 543 801 genas
565 716 627 782 tibi
648 717 736 783 iusta
758 714 924 782 dedissent
1081 732 1151 793 125·

58 805 224 871 Stamina!
249 805 305 870 sed
328 805 433 870 media
456 805 597 870 cecidere
622 797 761 887 abrupta
782 805 916 870 iuuenta

58 894 198 978 Gaudia,
220 893 434 977 florentesque
458 915 556 958 manu
580 889 675 958 scidit
697 891 841 976 Atropos
862 915 982 977 ann083

58 983 179 1060 Qualia
203 981 363 1066 pallentes
386 982 550 1048 declinant
571 982 641 1048 lilia
665 981 789 1046 culmos
923 1045 926 1048 .

57 1071 289 1154 Pubentesque
312 1092 404 1136 rosae
427 1071 549 1154 primos
572 1071 758 1136 moriuntur
780 1069 821 1134 ad
844 1073 984 1152 austros,

56 1159 130 1222 Aut
153 1163 190 1222 ut
211 1181 313 1223 uerna
333 1159 429 1224 nouis
453 1159 578 1242 expirat
600 1181 744 1242 purpura
765 1158 878 1241 pratis.

57 1248 122 1312 Illa
147 1247 322 1332 sagittiferi
345 1247 638 1331 circumuolitastis‚
660 1247 815 1332 Amores,

57 1336 192 1400 Funera
215 1338 424 1420 maternoque
448 1357 552 1419 rogos
568 1336 706 1400 unxistis
732 1358 875 1419 amom0;

56 1423 130 1488 Neo
153 1424 267 1489 modus
290 1427 346 1488 aut
368 1424 484 1507 pennis
506 1425 622 1488 laceris
645 1427 702 1488 aut
725 1425 866 1490 crinibus
889 1423 998 1508 ignem

57 1511 234 1596 Spargere,
257 1511 472 1597 collectaeque
494 1535 612 1596 pyram
635 1517 779 1578 stnrxere
802 1513 980 1595 pharetrae.

58 1600 150 1676 Quas
171 1604 250 1664 tunc
272 1599 406 1666 inferias
429 1603 486 1664 aut
509 1623 592 1685 quae
614 1599 922 1666 lamenta'dedisses

58 1687 231 1773 Maianis,
252 1687 399 1772 Etruros,
422 1689 520 1774 rogis,
544 1689 599 1772 qui
621 1689 736 1754 funera
752 1689 861 1773 ,patris

56 1775 160 1841 Haud
182 1780 311 1842 matura
333 1779 429 1860 putas
452 1780 547 1860 atque
570 1777 726 1860 hospius
748 1777 887 1862 ingenis
911 1779 1029 1842 annos!

57 1866 160 1929 illum
183 1869 216 1928 et
238 1865 293 1949 qui
315 1868 397 1929 nutu
421 1874 554 1949 superas
577 1888 664 1932 nune
685 1869 846 1950 temperat
868 1888 968 1951 arces,

55 1955 255 2038 Progeniem
278 1954 398 2018 claram
420 1954 516 2018 terris
539 1955 678 2037 partitus
702 1959 736 2018 et
758 1956 866 2038 astris,

57 2041 182 2106 Laetus
204 2041 350 2106 idumaei
373 2041 508 2106 donauit
530 2041 654 2108 honore
677 2043 835 2126 triumphi

55 2131 285 2216 Dignatusque
308 2132 380 2195 loco
404 2129 547 2196 uictricis
570 2131 605 2195 in
627 2130 738 2196 ordine
761 2152 900 2214 pompae

55 2218 137 2285 Non
160 2219 274 2303 uetuit,
296 2222 472 2304 tenuesque
495 2219 578 2283 nihil
601 2219 745 2292 minuere
767 2223 927 2303 parentes.

55 2308 170 2392 Atque
193 2307 279 2371 idem
301 2309 339 2390 in
361 2329 480 2372 cuneos
502 2309 624 2392 populo
648 2308 775 2372 seduxit
799 2313 962 2392 equestres

55 2395 263 2480 Mutauitque
287 2417 389 2481 genus
411 2396 587 2480 laeuaeque
609 2397 753 2482 ignobile
775 2397 895 2461 ferrum

54 2485 160 2550 Exuit
184 2487 217 2548 et
240 2485 325 2549 celse
348 2486 501 2550 natorum
525 2485 678 2570 aequauit
699 2485 823 2550 honori.
862 2533 863 2538 η

55 2574 184 2638 Dextra
205 2573 256 2638 bis
281 2571 407 2637 octonis
430 2573 591 2638 fluxerunt
614 2574 741 2640 saecula
763 2573 886 2657 lustris,

57 2662 170 2746 Atque
195 2661 267 2725 aeui
291 2661 360 2726 sine
382 2661 470 2725 nube
493 2665 596 2727 tenor.
633 2684 731 2746 quam
753 2661 843 2727 diues
865 2663 900 2728 in
923 2684 1001 2728 usus

54 2750 220 2815 Natorum
243 2753 376 2834 totoque
399 2750 515 2816 uolens
538 2750 688 2816 excedere
712 2771 820 2834 censu,
1028 2765 1030 2768 ’

55 2839 165 2904 Testis
190 2837 294 2904 adhuc
316 2836 402 2924 largi
424 2839 512 2904 nitor
533 2839 608 2904 inde
632 2843 779 2904 assuctus
802 2839 948 2924 Etrusci,

131 3125 184 3173 124
202 3135 218 3173 o
238 3125 268 3172 c:
287 3135 305 3174 a
324 3125 341 3173 ς
360 3119 399 3173 ha
417 3138 434 3171 a
453 3121 463 3190 ΙΙ
485 3125 536 3173 130
550 3121 583 3173 ut
600 3121 713 3189 scripsi:
731 3119 785 3174 iibi
804 3119 889 3173 cubi
909 3124 927 3172 ς
947 3121 1052 3188 311133
1071 3137 1129 3176 ma-

53 3193 207 3258 ternosque
226 3195 244 3241 0
263 3209 288 3260 a,
311 3205 380 3246 corr.
401 3196 419 3244 ς
442 3191 452 3259 ΙΙ
477 3196 528 3244 134
547 3191 723 3260 collataeqne
747 3190 906 3245 Grououius
930 3191 1130 3260 coniectaeque

54 3261 195 3315 Heinsius
214 3261 224 3330 ΙΙ
248 3268 299 3316 138
317 3263 457 3330 temperat
475 3266 511 3316 A:
529 3263 669 3330 temperet
686 3263 726 3330 0ss
742 3267 792 3315 133
806 3261 901 3315 malim
920 3260 1062 3331 largituri
1078 3269 1127 3316 141

54 3332 219 3401 inscripsi:
242 3333 271 3387 ei
289 3337 307 3383 0
326 3349 344 3383 ι
364 3334 374 3400 ΙΙ
398 3337 448 3387 143
471 3333 576 3404 populo
600 3332 710 3388 seduxit
732 3333 846 3402 scripsi:
871 3332 990 3402 populos
1014 3331 1131 3388 deduxit

55 3407 80 3454 Δ
99 3408 118 3454 c
143 3403 263 3472 populos
287 3419 350 3457 cum
374 3401 454 3458 duxit
470 3405 551 3459 Dora.
570 3403 676 3474 populo
694 3406 723 3458 te
742 3402 839 3458 eduxit
855 3403 1040 3460 Burmannus
1053 3407 1062 3474 ΙΙ
1077 3408 1128 3457 143

56 3473 133 3527 33133
153 3504 186 3512 -
207 3473 306 3527 honori
324 3472 493 3527 Salmasius:
511 3477 585 3530 celso
600 3505 634 3514 -
648 3475 753 3530 honore
772 3480 789 3526 c
809 3493 826 3526 a

879 3564 917 3618 6*
