2534 3948
415 243 601 298 55555555
619 243 649 298 a.
669 243 715 312 rv,
735 250 759 300 5,

44 387 206 454 Uastator
228 386 380 472 Nemees3
402 387 483 452 haec
506 387 635 452 exitiale
657 387 807 452 ferebant

43 477 161 543 Robur
184 481 217 542 et
238 476 366 561 Argoos
389 474 586 560 frangebant
608 477 740 541 brachia
762 476 889 541 remos?

43 565 86 650 A,
111 565 217 649 spatio
239 568 308 629 tam
331 584 452 649 magna
474 563 567 628 breui
589 564 756 630 mendacia
778 564 916 630 formae!

45 653 127 730 Quis
152 652 265 718 modus
288 653 324 716 in
347 653 467 736 dextra,
492 655 613 736 quanta
637 654 834 737 experientia
858 653 945 720 docti

45 741 203 826 Artificis,
227 742 344 807 cursim
366 741 489 824 pariter
512 741 694 826 gestamina
715 764 847 807 mensae
1082 761 1117 810 45

42 831 185 916 Fingere
208 833 241 895 et
262 829 410 915 ingentes
435 829 543 894 animo
567 851 694 894 uersare
718 831 878 896 colossos!

44 919 128 983 Tale
150 940 210 984 nec
231 917 339 983 Idaeis
363 919 535 1004 quicquam
559 918 727 983 Telchines
750 920 785 984 in
809 921 912 986 antris

41 1007 116 1072 Nec
141 1005 267 1073 Siculus
290 1006 429 1072 Brontes
452 1028 521 1090 nec,
545 1007 600 1091 qui
622 1007 706 1091 polit
729 1030 820 1073 arma
843 1009 984 1095 deorum,

40 1096 199 1161 Lemnius
222 1095 339 1181 exigua
360 1096 521 1178 potuisset
542 1095 652 1160 ludere
674 1118 791 1162 massa.

39 1183 114 1249 Nec
136 1188 232 1249 torua
254 1184 378 1268 effigies
402 1183 570 1268 epulisque
594 1184 698 1250 aliena
720 1187 873 1271 remissis,
1079 1203 1113 1254 50

41 1271 110 1337 Sed
134 1274 261 1358 qualem
283 1273 373 1357 parci
397 1272 512 1338 domus
536 1272 694 1338 admirata
717 1273 876 1340 Molorchi

40 1362 115 1426 Aut
137 1361 237 1426 Aleae
260 1362 342 1426 lucis
365 1360 447 1426 uidit
469 1360 617 1447 Tegeaea
641 1362 803 1446 sacerdos3

40 1449 158 1528 Qualis
182 1452 214 1514 et
237 1449 366 1515 Oetaeis
390 1450 526 1514 emissus
549 1449 584 1514 in
608 1453 697 1514 astra
719 1450 840 1516 fauillis

37 1537 168 1603 Nectar
191 1537 294 1603 adhuc
317 1542 412 1604 torua
434 1539 540 1603 laetus
563 1537 688 1602 lunone
712 1538 857 1604 bibebat:
882 1552 885 1558 ’

39 1626 99 1692 Sic
123 1627 212 1692 mitis
235 1627 374 1710 uultum,
397 1627 498 1714 ueluti
522 1626 561 1690 de
582 1628 711 1710 pectore
736 1626 889 1711 gaudens,
1079 1645 1113 1696 55

36 1715 206 1780 Hortatur
228 1737 365 1780 mensas.
402 1719 492 1780 tenet
514 1715 593 1779 hacc
617 1715 793 1779 marcentia
816 1715 925 1782 fratris

35 1803 174 1888 Pocula,
198 1807 232 1868 51
254 1802 333 1868 1555
357 1825 474 1869 555555
497 1803 645 1868 meminit
667 1825 781 1868 manus
806 1826 920 1889 aspera
943 1805 1064 1892 caedis3

37 1890 193 1956 Sustinet
217 1892 379 1956 excultum
402 1891 565 1958 Nemeaeo
588 1893 731 1978 tegmine
755 1914 876 1958 saxum.
1094 1897 1097 1902 '

34 1980 154 2064 Digna
177 1980 266 2064 operi
289 1979 422 2045 fortuna
445 2002 545 2045 sacro.
586 1979 735 2044 Pellaeus
758 1980 903 2046 habebat

32 2069 209 2153 Regnator
231 2067 325 2134 laetis
348 2090 471 2133 numen
492 2068 677 2132 uenerabile
700 2069 818 2133 mensis
1078 2087 1111 2137 50

32 2157 87 2222 Ε1
112 2157 262 2221 comitem
286 2177 419 2222 occasus
444 2177 552 2221 secum
574 2156 727 2238 portabat
750 2158 783 2219 51
806 2160 909 2240 ortus,

32 2244 290 2330 Prensabatque
313 2245 418 2309 libens
441 2245 536 2308 modo
562 2265 625 2326 qua
648 2243 831 2309 diademata
854 2244 966 2309 dextra

31 2332 234 2398 Abstulerat
257 2333 450 2417 dederatque
473 2337 506 2397 et
527 2352 663 2416 magnas
687 2335 828 2396 uerterat
851 2333 957 2398 urbes.

32 2422 176 2504 Semper
200 2421 323 2486 abhoc
348 2421 472 2486 animos
496 2422 530 2485 in
553 2420 696 2485 crastina
718 2421 805 2485 bella
827 2420 968 2507 petebat,

29 2510 128 2575 Huic
151 2510 219 2574 acie
244 2531 370 2594 semper
392 2511 497 2574 uictor
518 2510 674 2573 narrabat
697 2508 818 2593 opima,
1077 2528 1110 2578 55

111 2794 147 2842 43
170 2789 195 2841 A
217 2790 317 2857 5051555·
339 2789 356 2845 l.
381 2789 398 2843 1.
417 2805 448 2856 p.
472 2792 545 2844 260:
566 2788 607 2842 Ac
631 2793 648 2838 0
667 2807 684 2840 a
706 2788 766 2843 Η55
790 2789 848 2844 edd.
873 2791 877 2858 Ι
900 2789 992 2858 spatio
1010 2791 1110 2847 Dona:

26 2859 164 2934 spatium
188 2865 205 2910 0
229 2879 246 2912 5
267 2861 277 2928 ll
299 2865 333 2914 45
358 2859 460 2914 cursim
482 2860 595 2927 scripsi:
618 2859 690 2913 curis
714 2865 732 2910 0
755 2877 772 2912 5
792 2863 803 2929 ΙΙ
826 2867 859 2914 47
889 2860 1045 2918 thelchines
1071 2868 1109 2918 A:

24 2931 171 2989 thelimcs
189 2931 233 2985 551
250 2931 337 2985 simile
355 2931 444 2999 01148
465 2929 573 2985 Siculus
590 2931 689 2998 scripsi
707 2931 724 2984 1.
744 2931 775 2985 t:
794 2930 913 2986 stolidus
931 2937 949 2983 0
968 2950 985 2985 5
1003 2932 1108 2988 solidus

24 3004 98 3060 55151.
117 3001 229 3056 ualidus
248 3001 381 3056 Haudiua
393 3002 403 3070 ΙΙ
417 3006 450 3055 52
470 3001 545 3074 15155
564 3001 610 3066 Δ*,
629 3002 670 3054 ita
688 3002 824 3057 55115155
843 3008 869 3070 0,
889 3019 958 3058 corr.
977 3003 1015 3059 H.
1033 3003 1108 3058 Bar·

24 3079 125 3131 barus
143 3073 154 3141 n
171 3077 205 3126 55
223 3073 334 3127 uultum
351 3073 464 3140 scripsi:
482 3073 578 3128 uultus
597 3077 614 3122 0
633 3088 650 3123 5
667 3071 750 3126 55115
767 3073 902 3128 Horatius
924 3075 934 3144 11
956 3079 990 3129 57
1009 3077 1040 3129 51
1057 3075 1109 3130 hec

21 3153 52 3201 Δ
77 3149 111 3197 c:
132 3143 223 3198 adhuc
241 3143 322 3197 Dom.
343 3145 347 3210 Ι
370 3158 435 3214 5555
455 3146 486 3197 ςε
505 3143 568 3215 1555
587 3147 610 3194 Δ
629 3147 646 3193 0
665 3142 761 3196 clauae
781 3144 908 3212 Macati
930 3143 1060 3200 meminit
1078 3152 1110 3200 c:

21 3213 144 3275 meruit
161 3217 197 3282 51
214 3230 313 3283 aspera
332 3219 349 3264 0
364 3231 392 3266 a:
412 3213 501 3268 altera
518 3214 597 3268 Dola.
616 3213 711 3281 leodis
730 3217 765 3266 A:
785 3213 859 3268 sedis
878 3219 895 3265 0
914 3231 1013 3284 aspera
1031 3217 1111 3272 sedes

22 3285 161 3346 sustinet
179 3283 511 3353 1155111158555511555
530 3285 642 3352 sarpa:
661 3284 690 3336 et
708 3282 814 3338 cultum
832 3289 887 3336 Ab
907 3287 1048 3342 occultum
1066 3307 1083 3341 ι
1101 3288 1111 3360 ll

20 3367 68 3416 62
98 3357 392 3428 Ρ55515551555Δο,
418 3371 485 3410 corr.
506 3355 585 3410 Dora.
606 3357 624 3425 ll¹
639 3359 673 3410 54
693 3353 728 3408 ad
751 3353 806 3410 hoc
824 3361 842 3406 0
861 3375 878 3408 a
896 3358 907 3426 ΙΙ
929 3362 962 3411 55
981 3357 1054 3412 Huic
1078 3363 1109 3425 Δ,

21 3435 66 3487 ut
87 3428 161 3494 551,
183 3431 214 3481 ςε
237 3426 319 3480 11555
337 3427 382 3480 551
399 3425 507 3480 Η1550
531 3429 534 3494 Ι
560 3426 620 3480 acie
638 3431 669 3491 Δ,
693 3429 725 3478 51
742 3427 814 3480 uida
837 3427 947 3482 551550
973 3430 978 3496 Ι
1002 3445 1111 3498 semper

20 3501 132 3558 uictor
151 3502 175 3550 Δ
195 3502 226 3550 c:
245 3498 356 3552 155555
375 3497 470 3552 ordine
488 3498 568 3567 551511
589 3497 683 3566 opima
701 3497 813 3564 aurbei:
837 3497 945 3568 opimas
964 3505 981 3550 0
1000 3518 1017 3551 a
1035 3500 1109 3554 acies

852 3586 891 3642 8*
