2534 3960
90 207 95 218 '
145 199 187 263 16
516 200 546 254 P.
564 199 702 254 PAPINII
720 147 842 254 sunus

142 341 252 428 Digna
275 343 352 407 deae
375 343 466 407 sedes
489 343 611 422 uiridis,
633 364 694 407 nec
716 343 825 407 sordet
842 343 883 408 ab
907 339 1044 408 astris.

145 431 207 496 Hic
230 430 370 515 Libycus
392 429 617 516 Phrygiusque
641 431 729 510 silex,
751 431 804 495 hic
827 431 906 496 dura
927 425 1095 497 Laconum

144 518 230 584 Saxa
251 519 371 602 uirent3
394 519 448 584 hic
470 519 570 584 flexus
594 541 681 602 onyx
704 480 737 582 01
759 521 909 584 concolor
927 521 994 584 alto

143 606 237 672 Uene
259 608 341 671 mari
363 629 523 691 rupesque
544 608 661 692 nitent
690 608 762 691 quis
783 629 929 710 purpura
952 629 1047 692 saepe
1166 627 1221 676 150

143 695 274 761 Oebalis
298 699 331 759 et
353 695 446 780 Tyrii
468 696 652 762 moderator
674 696 754 760 111101
776 698 857 760 aeni.
1255 701 1256 716 *

143 784 321 848 Pendent
311 784 489 848 innumeris
511 785 645 869 fastigia
666 784 743 848 nixa
766 785 937 868 columnis3

143 872 277 938 Robora
298 871 482 939 Delmatico
505 873 614 937 lucent
637 872 754 937 satiata
776 874 915 938 metallo.

143 961 330 1026 Excludunt
352 961 459 1026 radios
483 961 573 1026 siluis
596 961 735 1026 demissa
756 962 894 1026 uetustis

144 1048 290 1134 Frigora,
313 1050 473 1132 perspicui
496 1049 613 1113 uiuunt
634 1050 669 1113 in
692 1071 852 1113 marmore
875 1049 991 1114 fontes.
1165 1069 1219 1117 160
1256 1044 1257 1049 ¹

144 1135 213 1201 Nec
237 1141 347 1202 seruat
369 1141 487 1200 natura
510 1137 611 1201 uices:
634 1136 686 1200 hic
711 1135 812 1202 Sirius
836 1137 933 1222 alget,

145 1224 267 1289 Bruma
289 1228 391 1308 tepet,
415 1246 607 1308 uersumque
631 1226 745 1289 domus
769 1225 830 1289 sibi
852 1227 1012 1310 temperat
1035 1247 1173 1292 annum.

144 1312 280 1377 Exultat
301 1313 374 1377 uisu
396 1314 553 1396 tectisque
575 1314 718 1396 potentis
742 1315 890 1378 alumnae

144 1399 223 1466 Non
246 1423 337 1466 secus
361 1402 446 1465 alme
455 1400 564 1465 Uenus
589 1422 685 1485 quam
709 1403 737 1466 si
759 1400 895 1485 Paphon
918 1423 1055 1486 aequore
1080 1403 1123 1466 ab
1150 1405 1219 1469 alto

144 1489 328 1574 Idaliasque
351 1489 464 1555 domos
486 1489 692 1574 Erycinaque
709 1491 831 1573 templa
855 1491 985 1554 subiret.
1008 1517 1012 1524 ·
1084 1503 1088 1510 '
1166 1509 1219 1558 160

146 1578 238 1642 Tunc
261 1579 366 1662 ipsam
390 1579 460 1643 solo
484 1578 637 1642 reclinem
659 1578 770 1642 adfata
792 1578 904 1642 cubili:

146 1665 311 1742 Quonam
333 1665 387 1730 bic
409 1688 510 1750 usque
534 1688 632 1751 sopor
650 1667 806 1750 uacnique
830 1666 988 1731 modestia
1011 1666 1096 1750 lecti,

147 1753 173 1819 Ο
197 1754 277 1818 mihi
299 1753 476 1818 Laurentes
499 1755 583 1817 inter
606 1754 724 1819 dilecta
745 1755 891 1837 puellas?

147 1831 226 1918 Quis
250 1863 376 1906 morum
398 1841 534 1926 fideique
558 1842 695 1906 modus?
718 1863 935 1926 numquamne
957 1843 1044 1907 uirili

148 1929 354 1994 summittere
377 1929 477 2015 iugo?
500 1930 638 1994 ueniet
629 1951 694 1993 ram
716 1931 843 1996 tristior
866 1933 963 1996 aetas.
1166 1948 1218 1998 165

146 2018 269 2083 Exerce
291 2019 489 2083 formamt
456 2021 489 2083 et
511 2018 712 2103 fugientibus
735 2021 824 2082 utere
848 2019 949 2084 donis.

145 2104 222 2170 Non
244 2106 316 2171 ideo
339 2107 400 2171 tibi
422 2107 488 2170 tale
511 2107 607 2171 decus
630 2107 803 2191 uultusque
827 2109 984 2190 superbos

146 2193 263 2278 Meque
287 2194 369 2277 dedi,
392 2193 506 2259 uiduos
529 2198 567 2258 ut
588 2195 810 2259 transmittare
833 2217 891 2279 per
914 2217 1017 2260 annos

147 2281 215 2350 Ceu
238 2303 306 2346 non
329 2304 404 2346 cara
427 2283 515 2346 mihi.
562 2283 642 2347 satis
665 2304 684 2347 ο
708 2283 906 2367 nimiumque
929 2284 1053 2366 priores

146 2369 339 2455 Despexisse
361 2392 486 2455 procos.
532 2375 566 2435 at
588 2371 675 2435 enim
697 2371 750 2435 hic
771 2371 833 2435 tibi
857 2372 1013 2456 sanguine
1035 2375 1107 2438 toto
1166 2392 1218 2441 170

146 2457 283 2524 Deditus
306 2481 405 2526 unam
428 2481 541 2524 omnes
563 2460 648 2523 inter
670 2459 805 2524 miratur
828 2464 986 2544 amatque,

146 2545 217 2612 Neo
238 2549 363 2612 formae
386 2569 445 2613 neo
469 2548 578 2631 stirpis
602 2567 715 2632 egens:
739 2569 815 2611 nam
839 2548 934 2612 docta
956 2569 1014 2630 per
1036 2549 1152 2614 urbem

150 2633 302 2700 Carmina
326 2636 381 2718 qui
402 2636 545 2718 iuuenes,
568 2655 650 2719 quae
673 2655 740 2699 non
758 2635 894 2700 didicere
917 2637 1066 2719 puellae?
1125 2687 1128 2694 .

146 2722 244 2788 Hunc
268 2728 301 2787 et
322 2723 373 2786 bis
397 2745 492 2790 senos
516 2721 576 2810 (sic
598 2722 801 2807 indulgentia
822 2728 939 2808 pergat

148 2811 309 2877 Praesidis
333 2810 484 2898 Ausonii)
508 2833 618 2877 cernes
641 2813 788 2875 attollere
811 2813 914 2876 fasces
1164 2831 1216 2881 116

147 2900 234 2964 Ante
259 2900 356 2984 diem3
380 2904 466 2965 certe
488 2901 555 2966 iam
577 2921 664 2964 nunc
687 2897 840 2983 Cybeleia
862 2901 956 2965 nouit

147 2987 277 3054 Limina
300 2992 333 3052 et
354 2988 517 3053 Euboicae
541 3009 670 3053 carmen
693 2988 772 3073 legit
794 2988 847 3052 illc
871 2987 1021 3072 Sibyllae.

221 3291 272 3339 147
295 3285 394 3341 uiridis
418 3293 435 3338 0
458 3305 475 3339 0
497 3289 541 3356 (dc
564 3292 587 3339 Δ
611 3285 1101 3356 0011110001).·11111(1101)000.11100
1120 3290 1217 3360 saepe]

149 3355 224 3412 cedit
243 3357 365 3423 1110111,
387 3363 458 3426 pcto
486 3358 580 3412 sordet
606 3358 616 3427 ΙΙ
649 3363 700 3412 154
719 3356 888 3411 demissae:
909 3356 1024 3412 decuma
1052 3359 1138 3428 001
1163 3366 1216 3414 161

149 3427 284 3482 reclinem
303 3430 379 3497 001)
393 3435 444 3484 169
464 3429 540 3482 clera
559 3435 577 3480 0
595 3430 699 3497 011176
718 3426 880 3482 11101110
