2534 3948
145 229 210 292 144
506 229 537 283 Ρ.
555 228 696 283 PAPINII
714 227 836 284 STATII

141 370 218 457 Ipse
240 373 373 438 madeus
397 373 506 454 oculis,
529 373 718 438 umbrarum
741 373 932 456 animaeque
955 373 1117 460 sacerdos,

142 461 368 546 Praeciperem
390 462 540 546 reditum,
563 461 615 526 oui
637 465 670 526 te
692 483 753 528 uec
776 459 934 526 Cerberus
958 463 1050 528 omni

144 548 209 616 Ore
232 571 291 616 nec
315 550 464 634 Orpheae
488 551 619 634 quirent
641 553 788 616 auertere
810 550 909 634 leges.

144 637 253 723 Atque
276 638 323 702 ibi
345 659 393 703 rue
414 660 584 723 moresque
607 642 681 704 tuos
704 642 737 702 et
757 638 847 703 facta
869 641 1040 704 canentem

144 724 225 792 Fors
248 731 281 791 et
303 727 511 812 magniloquo
534 748 601 792 nou
624 726 869 810 posthabuisset
889 725 1044 812 Homero,

142 814 305 880 Tenderet
327 818 360 880 et
383 815 478 881 docto
500 815 605 899 pietas
630 836 767 900 aequare
789 814 926 880 Maroni.

143 900 211 967 Gur
232 904 338 989 magis
361 904 504 970 incessat
526 925 660 988 superos
684 908 717 969 et
739 903 847 969 ahena
868 925 1016 969 sororum

144 989 304 1076 Stamina,
325 1013 407 1076 quae
429 993 540 1076 tepido
563 992 711 1078 genetrix
735 1013 832 1076 super
854 1012 973 1077 aggere
996 993 1086 1058 nati.

144 1077 233 1144 Orba
255 1080 346 1146 sedet
368 1081 420 1144 uel
444 1102 526 1164 quae
544 1081 703 1164 primaeui
721 1081 869 1165 coniugis
887 1081 998 1165 ignem

144 1167 274 1251 Aspicit
296 1169 527 1252 obstantesque
550 1191 666 1233 manus
689 1169 882 1254 turbamque
904 1172 1070 1234 tenerum

143 1253 256 1320 Uincit
278 1257 313 1320 iu
336 1256 517 1339 ardentem,
540 1256 638 1322 liceat
659 1257 771 1341 modo,
792 1259 879 1322 itura
901 1257 1079 1322 maritum?

144 1341 252 1409 Maior
275 1344 383 1409 athis
405 1344 518 1410 forsan
541 1366 674 1430 superos
698 1350 732 1410 et
753 1346 891 1410 Tartara
912 1346 1038 1429 pulsem

143 1431 286 1498 Inuidia:
310 1434 450 1499 externis
474 1434 572 1498 etiam
594 1434 779 1499 miserabile
801 1435 874 1498 uisu

142 1517 254 1586 Funus
277 1525 357 1587 erat.
403 1521 459 1587 sed
481 1543 541 1587 nec
562 1523 643 1586 mihi
666 1544 700 1586 se
723 1521 851 1587 Natura
874 1522 998 1588 dolenti

143 1606 213 1674 Nec
226 1609 336 1674 Pietas
358 1611 395 1674 in
417 1611 503 1676 iusta
525 1611 627 1694 dedit,
651 1611 733 1675 mihi
755 1611 869 1675 limine
891 1611 997 1694 primo

144 1695 300 1764 Fatorum
323 1702 357 1763 et
378 1698 486 1782 uiridi,
508 1699 646 1784 genitor,
669 1721 727 1763 osu
749 1702 862 1782 raptus
886 1699 928 1763 ab
951 1719 1033 1764 aeuo

144 1785 283 1850 Tartara
306 1787 386 1851 dura
409 1788 507 1853 subis.
551 1807 611 1852 nec
634 1788 722 1852 enim
744 1787 954 1854 Marathonia
975 1786 1072 1872 uirgo

143 1871 277 1938 Parcius
302 1875 479 1939 extinctum
502 1897 675 1941 saeuorum
699 1876 833 1941 cumina
851 1878 1016 1961 agrestum

142 1959 286 2026 Fleuerit
306 1961 456 2048 Icarium,
477 1963 623 2049 Phrygia
646 1987 743 2048 quam
765 1968 854 2029 turre
877 1964 1046 2029 cadentem

143 2049 348 2135 Astyanacta
370 2073 496 2136 parens.
540 2054 654 2136 laqueo
678 2053 757 2138 quin
779 2053 836 2118 illa
859 2073 1009 2136 supremo

142 2137 282 2204 Inclusit
304 2140 459 2225 gemitus:
483 2145 518 2206 at
540 2145 573 2210 te
595 2144 672 2225 post
694 2143 810 2206 funera
832 2141 944 2226 magni

143 2225 294 2293 Hectoris
317 2227 499 2294 Haemonio
522 2230 627 2313 pudor
649 2234 699 2294 est
722 2231 859 2295 seruisse
881 2229 1010 2294 marito.

144 2313 221 2381 Nou
244 2336 314 2402 ego,
338 2339 418 2401 quas
440 2317 501 2382 fati
524 2320 630 2382 certus
654 2318 717 2382 sibi
738 2339 818 2383 uoce
842 2339 962 2383 canora

144 2401 281 2470 Inferias
304 2406 485 2489 praemittit
507 2407 579 2472 olor
599 2427 660 2471 neo
681 2427 761 2491 rupe
785 2407 872 2490 quod
894 2408 966 2471 atra

144 2491 333 2576 Tyrrhenae
356 2494 504 2559 uolucres
527 2495 635 2559 nautis
658 2495 830 2580 praedulce
851 2495 1026 2576 minantur,

143 2577 185 2644 In
207 2581 332 2665 patrios
356 2581 516 2648 adhibebo
540 2603 650 2668 rogos,
672 2605 740 2649 nou
762 2604 924 2648 murmure
947 2587 1063 2647 trunco
1252 2561 1253 2645 l

141 2775 355 2794 q-—u-——wn-

214 2918 248 2968 08
272 2913 366 2968 oculos
391 2914 496 2970 Markl.
519 2917 529 2984 ΙΙ
552 2919 585 2970 50
604 2914 797 2984 Praeciperem
816 2914 938 2969 reditum
956 2915 1041 2970 idem
1064 2913 1209 2970 Praecinc-

142 2999 202 3040 rem
224 2985 362 3054 gemitum
386 2991 403 3038 0
427 3004 444 3038 a
461 2987 471 3055 ΙΙ
489 2992 522 3041 61
541 2987 635 3056 Atque
653 2985 694 3041 ibi
712 3002 757 3041 me
776 2985 923 3054 Heirseiue,
947 3001 994 3056 epo
1015 2986 1034 3040 l.
1053 2986 1071 3040 l.
1089 3003 1119 3055 p.
1139 2992 1209 3042 262:

141 3055 236 3124 Atque
258 3054 313 3110 tibi
336 3061 353 3106 0
378 3075 395 3109 a
421 3056 431 3127 ll
457 3063 491 3112 63
515 3057 598 3112 docto
623 3057 742 3112 Marti:
763 3058 845 3111 toruo
869 3061 887 3108 0
906 3075 935 3123 ις
958 3059 1024 3124 fort.
1046 3058 1123 3111 terso
1145 3059 1155 3126 ΙΙ
1179 3063 1210 3113 64

142 3125 253 3182 bahana
269 3132 306 3182 A:
330 3132 348 3178 0
366 3144 434 3182 uma
451 3143 523 3182 aena
541 3145 579 3182 cu
597 3144 665 3182 seua
678 3129 806 3183 babuerit
819 3129 953 3182 bamam
965 3129 976 3196 Ι
989 3133 1024 3183 08
1037 3128 1123 3182 modo
1137 3127 1210 3182 itura

143 3195 313 3252 Soricariam:
334 3199 498 3254 moriturae
512 3217 530 3252 a
547 3198 654 3253 ruitura
663 3199 798 3253 Heinsius
811 3200 821 3268 l
834 3204 868 3252 60
889 3200 920 3252 at
936 3197 981 3252 his
998 3198 1094 3254 forsan
1111 3201 1210 3268 scripsi

142 3266 161 3320 i.
180 3267 213 3320 t:
233 3267 297 3322 aliis
315 3267 409 3324 forsan
426 3275 449 3322 Δ
468 3274 486 3321 0
510 3272 584 3324 certe
607 3268 671 3324 aliis
690 3269 771 3324 Dom.
785 3271 796 3339 l
810 3275 843 3324 '11
863 3272 966 3324 erate:
986 3270 1033 3324 eat
1050 3274 1068 3322 0
1088 3287 1105 3321 a
1121 3269 1126 3338 1
1142 3270 1209 3324 mihi
1250 3333 1251 3340 ἵ

144 3335 320 3392 Porciam.-
341 3341 425 3396 modo
444 3345 462 3392 0
480 3359 497 3393 a
509 3341 520 3410 ΙΙ
534 3346 567 3394 ‘12
586 3339 691 3395 iniusta
709 3346 727 3391 0
746 3358 771 3408 a,
792 3356 862 3396 corr.
882 3340 1062 3396 Bouborur'us
1075 3341 1086 3410 t
1100 3345 1135 3395 73
1154 3342 1208 3394 An·

142 3423 243 3464 uorum
261 3408 367 3464 Marti.
385 3413 397 3480 l
415 3417 448 3465 76
472 3412 539 3466 dure
562 3427 609 3466 sea
632 3410 694 3466 dira
712 3411 848 3468 Herses
863 3411 867 3478 Ι
885 3417 917 3465 77
937 3425 1067 3479 supremo
1084 3416 1147 3465 ce:
1166 3429 1208 3466 su-

142 3496 253 3548 premos
271 3479 330 3534 edd.
345 3481 355 3549 l
370 3485 402 3534 78
421 3487 452 3536 at
469 3485 493 3532 Δ
511 3487 541 3535 οε
560 3483 590 3536 et
609 3484 699 3550 3'1180
717 3498 786 3537 uoce
805 3483 879 3537 edd„-
896 3483 987 3536 morte
1006 3486 1023 3533 0
1042 3497 1060 3536 a
