2534 3948
408 853 455 938 P.
476 851 714 938 PAPINII
746 851 931 936 STATII

322 1009 355 1110 S
413 1010 440 1108 Ι
497 1011 538 1108 L
588 1009 637 1110 U
687 1009 737 1108 A
790 1009 837 1106 R
888 1008 933 1108 U
985 1007 1046 1106 Μ

514 1179 737 1246 LIBE'R
772 1179 840 1246 III.

612 1360 745 1370 ——-—-·

422 1495 573 1552 STATIUS
600 1494 736 1552 POLLIO
764 1494 834 1551 SUO
862 1495 940 1550 SAL.

206 1655 214 1667 ·
234 1639 309 1705 Tibi
323 1644 418 1723 certe,
435 1640 519 1706 Polli
533 1640 718 1707 dulcissime
738 1643 772 1704 et
788 1639 851 1705 hac
864 1639 917 1704 cui
928 1643 998 1704 tum
1010 1638 1154 1706 fideliter
1172 1642 1213 1706 in·
1230 1654 1243 1703 5

142 1727 258 1792 haeres
281 1728 389 1812 quiete
412 1729 616 1814 dignissime,
642 1750 709 1793 non
735 1728 841 1793 habeo
864 1727 920 1806 diu
942 1726 1149 1811 probandam
1177 1731 1213 1794 li·

145 1816 305 1881 bellorum
328 1817 465 1881 istorum
487 1817 714 1902 temeritatem,
737 1838 810 1881 cum
833 1816 916 1880 scias
939 1816 1060 1882 multos
1084 1837 1124 1881 ex
1149 1819 1211 1882 illis

142 1905 177 1968 in
205 1903 280 1969 sinu
307 1906 364 1970 tuo
394 1905 502 1970 subito
528 1908 624 1970 natos
653 1908 686 1970 et
712 1904 797 1970 hanc
824 1903 992 1970 audaciam
1015 1905 1083 1969 stili
1105 1906 1211 1971 nostri

145 1992 330 2077 frequenter
363 1993 545 2077 expaueris,
577 1994 728 2078 quotiens
759 1993 794 2057 in
819 1993 908 2057 illius
935 1992 1107 2058 facundiae
1136 1986 1211 2059 triae

141 2081 323 2164 penetralia
351 2081 499 2147 seductus
528 2083 626 2148 altius
659 2082 787 2146 litteras
820 2081 906 2146 intro
934 2082 1029 2145 etin
1057 2083 1167 2147 omnis
1194 2095 1247 2147 ιιι

141 2170 428 2235 testudiorum
402 2192 492 2235 smus
516 2171 623 2236 ducor.
660 2191 791 2234 securus
812 2171 918 2254 iteque
940 2169 1056 2234 tertius
1079 2169 1134 2234 hic
1158 2171 1211 2235 sil·

142 2279 257 2322 uarum
280 2261 467 2323 nostrarum
489 2258 574 2324 liber
596 2258 637 2323 ad
659 2261 692 2322 te
715 2258 865 2323 mittitur.
900 2258 1059 2323 habuerat
1082 2259 1247 2361 quidem

142 2349 175 2409 et
203 2345 360 2411 secundus
387 2349 518 2430 testem,
545 2346 602 2411 sed
629 2346 683 2411 hic
710 2346 810 2411 habet
832 2348 1005 2412 auctorem.
1046 2368 1125 2410 nam
1148 2349 1247 2431 pri·
1246 2393 1247 2433 ¹

144 2455 234 2497 mum
261 2433 362 2499 limen
392 2435 460 2500 cius
486 2433 643 2500 Hercules
671 2432 880 2499 Surrentinus
909 2435 1023 2518 aperit,
1053 2456 1150 2518 quem
1179 2437 1212 2500 in

144 2520 240 2586 litore
268 2526 324 2587 tuo
353 2527 589 2606 consecratum,
613 2523 725 2588 statim
748 2526 785 2588 ut
806 2522 961 2604 uideram,
983 2522 1034 2587 his
1062 2524 1211 2604 uersibus
1226 2537 1246 2587 ιι

143 2608 286 2676 adoraui.
328 2612 434 2696 sequit
434 2635 473 2677 ur
420 2613 638 2694 t‚libellus
668 2632 732 2695 quo
756 2610 1053 2695 splendidissimum
1075 2615 1108 2676 et
1130 2613 1212 2678 mihi

141 2697 439 2764 iocundissimum
429 2721 592 2785 iuuenem,
613 2662 751 2764 ddctium
773 2697 926 2783 Celerem,
949 2722 969 2765 a
992 2699 1211 2766 sacratissimo
1245 2769 1246 2780 ¹

143 2786 339 2869 imperatore
367 2788 504 2852 missum
537 2789 577 2853 ad
604 2788 768 2873 legionem
796 2785 981 2870 Syriacam,
1012 2789 1089 2871 quia
1120 2789 1211 2874 sequi

141 2895 208 2941 non
229 2879 392 2978 poteram,
420 2877 465 2941 sic
487 2880 686 2962 prosecutus
701 2896 782 2940 sum.
822 2875 1008 2940 merebatur
1030 2879 1063 2940 et
1084 2872 1211 2942 Giaudii

140 2962 273 3029 Etrusci
301 2964 367 3028 mei
393 2965 500 3048 pietas
529 2964 660 3067 aliquod
687 2986 770 3029 cxs
755 2963 870 3029 studiis
898 2985 959 3029 nos
960 2964 1019 3029 tris
1047 2964 1209 3048 solat1um
1224 2975 1245 3030 ιι

141 3074 214 3116 cum
246 3053 373 3137 lugeret
401 3053 488 3118 ueris
518 3051 713 3138 (quodiam
740 3052 945 3118 rarissimum
973 3049 1037 3138 est)
1008 3016 1245 3118 tlacrimii
1244 3089 1245 3159 ¹

214 3259 255 3313 In
272 3261 353 3315 titulo
366 3261 485 3318 salutem
499 3265 523 3314 Δ
537 3264 607 3332 0119
623 3262 769 3332 expaueris
783 3266 851 3315 Ac·
871 3277 1009 3332 expansas
1024 3267 1041 3316 ς
1056 3261 1066 3330 ΙΙ
1080 3267 1113 3316 10
1126 3281 1210 3334 pene

141 3328 209 3383 trali
232 3333 256 3382 Δ
279 3335 305 3398 c,
322 3345 391 3386 corr.
411 3331 451 3386 ed.
471 3332 566 3387 Parm
590 3333 736 3401 penetrale
756 3333 918 3388 Potitiorum
942 3335 946 3401 Ι
972 3332 1074 3414 omnis]
1097 3281 1210 3390 intimos

140 3400 293 3465 Boethium
308 3401 403 3468 potius
420 3401 514 3483 ιιιιοιΙΙ
529 3408 562 3456 13
576 3407 648 3471 puto
666 3405 696 3458 te
714 3405 816 3458 testem
834 3405 844 3472 ss
863 3409 895 3457 21
916 3404 973 3457 iam
991 3401 1081 3458 rar-iss.
1099 3406 1244 3474 scripsi:

142 3469 379 3525 amanssimumc
398 3489 415 3523 ι
432 3471 521 3527 rarius.
542 3476 561 3526 ς
