2534 3960
436 226 625 283 struncon
643 225 674 280 r.
693 227 715 295 1,
734 232 759 284 a.
1090 227 1134 292 23

65 371 151 448 Quid
174 374 312 438 referam
336 373 475 438 alternas
499 371 629 457 gemino
653 392 749 456 super
773 391 891 456 aggere
914 392 1045 439 mensas

64 461 288 546 Albentesque
311 463 401 528 lacus
425 461 573 544 altosque
598 461 634 524 in
656 460 784 545 gurgite
807 459 937 526 fontes?
1099 475 1133 526 65

67 549 187 634 Teque,
209 572 267 634 per
291 550 458 634 obliquum
480 549 608 633 penitus
632 571 713 633 quae
736 548 856 614 laberis
881 570 1023 630 amnem,

66 636 200 722 Marcia,
224 643 256 704 et
279 639 392 704 audaci
414 638 607 704 transcurris
630 637 764 702 flumina
786 637 931 720 plumbo,

66 723 118 791 Ne
143 729 246 794 solum
268 727 370 794 Ioniis
394 727 454 792 sub
477 726 627 792 fluctibus
650 725 755 793 Dlidis
779 747 907 792 amnem

66 813 183 880 Dulcis
205 816 246 880 ad
269 815 433 880 Aetnaeos
457 815 594 880 deducat
616 815 733 881 semita
755 815 890 897 portus?

67 903 141 968 Illis
164 904 232 988 ipse
256 903 359 970 antris
383 903 528 968 Auienus
550 903 643 968 fonte
666 902 781 972 relicto
1101 918 1135 968 ro

66 989 173 1057 Nocte
198 993 257 1057 sub
281 1013 399 1060 arcana
422 991 558 1076 glaucos
581 994 695 1056 exutus
719 991 855 1056 amictus

67 1079 143 1144 Huc
165 1081 244 1146 illuc
266 1081 376 1166 fragili
397 1081 573 1165 prosternit
596 1083 729 1164 pectora
750 1101 871 1163 musco,

66 1168 137 1233 Aut
159 1169 276 1255 ingens
299 1171 334 1235 in
353 1174 471 1254 stagna
493 1169 580 1234 cadit
601 1168 785 1252 uitreasque
806 1170 922 1232 natatu

67 1256 200 1322 Plaudit
223 1279 332 1342 aquas.
376 1258 437 1322 illa
458 1258 591 1322 recubet
614 1256 786 1323 Tiberinus
808 1261 843 1322 in
865 1257 990 1340 umbra,

68 1344 141 1411 Illic
164 1347 356 1430 sulphureos
380 1346 469 1429 eupit
491 1346 613 1411 Albula
635 1364 781 1430 mergere
805 1345 919 1422 crines,
1103 1357 1135 1408 75

68 1433 161 1498 Haec
184 1434 298 1499 domus
321 1433 444 1519 Egeria
465 1435 664 1501 nemoralem
687 1434 863 1518 abiungere
885 1432 1041 1498 Phoeben

67 1521 116 1585 Et
137 1522 308 1606 Dryadum
331 1523 464 1588 niduare
488 1521 594 1587 choris
610 1523 762 1606 algentia
784 1521 889 1604 possit

69 1609 222 1695 Taygeta
244 1614 277 1675 et
297 1611 390 1678 siluis
414 1631 578 1676 accersere
601 1609 691 1676 Paua
713 1607 857 1694 Lycaeis.

70 1696 165 1772 Quod
188 1701 223 1762 ni
244 1698 367 1783 templa
390 1699 506 1764 darent
528 1699 609 1764 alias
633 1697 807 1781 Tirynthia
821 1700 934 1782 sortes,
1034 1693 1038 1707 '

68 1785 117 1850 Et
139 1785 368 1852 Praenestinae
390 1790 545 1871 poterant
567 1787 707 1872 migrare
732 1807 868 1855 sorores.
1103 1799 1137 1850 80

70 1874 156 1950 Quid
178 1875 284 1940 bifera
305 1875 434 1942 Alcinoi
458 1875 587 1940 laudem
608 1875 756 1958 pomaria
778 1896 913 1960 uosque,

70 1962 134 2038 Qui
156 1985 332 2048 numquam
354 1965 449 2029 uacui
471 1963 624 2048 prodistis
646 1965 682 2028 in
705 1964 850 2046 aethera,
873 1962 979 2028 rami?

70 2048 199 2116 Cedant
221 2052 387 2137 Telegoni,
410 2053 527 2118 cedant
549 2051 725 2118 Laurentia
748 2051 852 2116 Turni

69 2139 189 2224 Iugera
211 2140 434 2226 Lucrinaeque
458 2142 572 2206 domus
595 2141 735 2224 litusque
759 2139 885 2204 cruenti

69 2227 284 2312 Antiphatae3
309 2228 427 2292 cedant
447 2229 571 2293 citreae
593 2229 671 2313 iuga
693 2228 816 2312 perfida
835 2225 944 2292 Circes
1105 2239 1139 2289 85

70 2315 232 2382 Dulichiis
255 2317 382 2382 ululata
403 2317 489 2400 lupis
513 2337 666 2401 arcesque
690 2317 847 2409 sqperbae

71 2405 214 2469 Anxuris
239 2409 273 2469 et
295 2406 396 2488 sedes,
418 2403 564 2488 Phrygio
587 2426 669 2488 quas
691 2404 781 2469 mitis
805 2404 934 2468 alumno

72 2493 180 2558 Debet
202 2515 299 2578 anus,
324 2493 450 2576 cedant,
473 2514 554 2576 quae
577 2496 610 2557 te
633 2493 700 2556 iam
723 2492 845 2558 solibus
869 2491 948 2555 artis

73 2581 176 2646 Antia
197 2582 348 2647 nimbosa
370 2581 570 2646 reuocabunt
588 2581 686 2646 litora
708 2581 833 2645 bruma.

74 2668 205 2735 Scilicet
226 2670 280 2736 hic
301 2670 352 2735 illi
375 2668 586 2734 moderantur
608 2669 754 2754 pondera
772 2689 892 2752 mores3
1106 2681 1141 2731 90

146 2921 182 2969 04
200 2914 308 2974 alterno
326 2913 453 2984 geminas
472 2914 602 3038 Marthll
615 2915 649 2966 65
669 2912 794 2982 aliosque
811 2913 981 2968 Bernartius
993 2913 1003 2980 11
1018 2915 1051 2965 67
1069 2908 1143 2963 Mar·

72 2986 117 3042 tia
135 2991 153 3036 0
173 2986 216 3054 (de
237 2989 262 3038 Δ
278 3000 336 3040 non
357 2987 414 3054 idq.)
432 2987 442 3055 11
460 2991 494 3040 68
513 3001 550 3054 sq.
598 3000 665 3036 e·-
686 2983 807 3038 deducat
830 2982 1024 3051 Wakefieidnsz
1045 2979 1090 3034 hn
1108 3011 1142 3020 -

71 3056 197 3112 deducat
210 3062 254 3110 ca
271 3055 316 3110 An
327 3087 362 3096 -
372 3056 486 3112 deducit
503 3057 561 3112 edd.
576 3057 586 3124 1
599 3056 697 3112 etneos
715 3059 751 3108 A:
771 3054 887 3113 ethneos
906 3055 995 3122 01170
1014 3051 1143 3106 anienem

72 3133 91 3180 0
110 3125 210 3182 aniene
232 3128 263 3182 in
285 3145 303 3180 a
324 3129 334 3197 1
358 3133 390 3183 71
415 3127 537 3186 mohona
558 3144 590 3180 a:
609 3126 754 3194 arclh)ano
773 3130 796 3177 Δ
815 3130 832 3176 0
855 3127 865 3194 11
888 3130 923 3183 '14
942 3121 1089 3180 Tiberinus
1106 3126 1143 3176 A:

73 3198 205 3254 tiburnas
222 3204 242 3250 0
261 3201 266 3267 1
286 3199 403 3254 recubat
421 3204 438 3250 0
456 3217 481 3266 ι,
500 3197 641 3320 immi
652 3203 685 3251 76
705 3195 822 3264 Egeriae
841 3201 860 3246 0
878 3213 903 3264 a,
921 3209 991 3250 corr.
1010 3193 1144 3274 Haedina

76 3269 84 3352 1
103 3267 256 3339 abiungere
274 3273 309 3323 A:
328 3269 479 3338 adiungere
503 3269 545 3337 011
563 3271 597 3320 80
641 3267 703 3320 ntia
726 3266 846 3321 Marti:
864 3265 938 3322 Auia
955 3271 974 3317 0
991 3267 1079 3334 81190
1097 3264 1143 3318 hic

73 3340 119 3394 ulli
133 3339 306 3396 meditantur
324 3340 448 3409 pondera
466 3346 484 3392 0
502 3355 531 3406 a,
555 3338 601 3394 hic
619 3336 704 3394 hilari
721 3335 873 3392 miscentur
890 3336 1013 3407 pondera
1029 3335 1143 3402 Marti,

73 3409 245 3536 fflqdhilarcs
263 3410 444 3466 moderantur
465 3409 592 3479 pondera
609 3409 792 3464 Benacenses
813 3407 860 3462 hic
882 3407 955 3462 nulli
972 3405 1145 3461 meditantur

147 3497 242 3550 mylae
