2534 3960
424 249 611 305 sucinum
629 251 660 304 u.
680 251 701 318 1,
721 256 745 304 e.

52 394 200 478 Sedibus,
222 399 255 459 et
277 394 424 458 uolucres
446 394 551 459 uetuit
573 394 725 458 decedere
747 396 849 458 natos.

52 483 81 548 Ο
104 485 240 568 longum
262 482 473 548 memoranda
496 481 578 546 dies!
603 503 684 566 quae
707 486 814 546 mente
837 484 967 565 reporto

53 571 189 654 Gaudia,
213 593 310 655 quam
333 572 437 635 lassos
460 592 518 654 per
540 573 592 634 tot
614 571 769 634 miracula
790 571 894 635 uisus!

50 659 224 745 Ingenium
248 681 344 742 quam
367 659 446 723 mite
470 659 553 723 solo!
579 680 661 743 quae
683 658 791 722 forma
813 658 918 722 beatis
1088 672 1120 721 15

51 748 135 811 Arte
158 768 274 812 manus
296 747 441 830 facieque
463 747 558 811 locis!
583 767 650 811 nou
672 746 795 831 largius
818 767 955 830 usquam

50 835 195 900 Indulsit
216 838 336 899 natura
359 835 445 908 sibi„
475 856 609 899 nemora
632 835 699 898 alta
722 835 830 900 citatis

51 923 233 988 Incubuere
256 923 363 1007 uadis3
386 922 487 986 fallax
510 928 683 1007 responsat
704 925 813 1007 imago

50 1010 248 1096 Frondibus‚
271 1014 304 1074 et
325 1012 443 1096 longas
467 1011 580 1075 eadem
601 1011 688 1096 fugit
711 1012 798 1076 unda
820 1034 879 1096 per
901 1012 1041 1076 umbras.

49 1101 128 1184 Ipse
153 1099 262 1163 Anien
285 1096 448 1185 (miranda
470 1096 563 1185 fides)
587 1099 735 1184 infraque
760 1121 919 1186 superque
1086 1115 1121 1164 20

52 1189 177 1254 Saxeus
200 1187 254 1252 hic
277 1187 435 1252 tumidam
458 1187 582 1252 rabiem
607 1209 823 1273 spumosaque
846 1190 940 1272 ponit

49 1276 231 1360 Murmura,
254 1298 311 1340 ceu
334 1275 453 1358 placidi
475 1276 597 1340 ueritus
620 1277 752 1340 turbare
775 1277 910 1361 Uopisci

50 1365 243 1450 Pieriosque
267 1365 335 1428 dies
359 1367 392 1427 et
414 1365 537 1429 alentes
561 1365 704 1428 carmina
727 1387 868 1430 somnos.

49 1453 147 1518 Litus
170 1457 341 1536 utrumque
365 1453 462 1531 domi,
484 1473 544 1516 nec
566 1457 599 1516 te
622 1453 813 1518 mitissimus
838 1455 943 1518 amnis

50 1541 190 1605 Diuidit.
235 1541 377 1605 alternas
401 1543 534 1604 seruant
555 1542 720 1624 praetoria
742 1542 831 1625 ripas
1088 1555 1121 1604 25

54 1629 135 1694 Non
159 1634 292 1694 externa
315 1628 378 1692 sibi
399 1628 538 1692 fluuioue
562 1632 692 1712 apstare
717 1634 904 1714 queruntur.

53 1718 216 1782 Sestiacos
240 1738 327 1781 nunc
349 1716 438 1780 fama
461 1717 550 1780 sinus
573 1719 772 1801 pelagusque
793 1722 942 1782 natatum

50 1807 160 1871 Iactet
183 1810 215 1869 et
238 1804 352 1868 audaci
375 1805 503 1868 iunctos
527 1804 696 1888 delphinas
721 1807 860 1890 ephebo!

52 1895 119 1959 Hic
142 1897 275 1958 aeterna
298 1893 396 1977 quies,
418 1893 516 1957 nullis
539 1892 593 1957 hio
615 1895 687 1958 iura
710 1896 870 1980 procellis,

52 1981 243 2066 Numquam
266 1981 375 2046 feruor
398 1981 498 2064 aquis.
536 1981 630 2045 detur
652 1982 706 2047 hic
728 1987 949 2049 transmittere
972 1984 1060 2047 uisus
1089 1998 1123 2046 30

52 2072 100 2136 Et
123 2091 220 2134 uoces
243 2073 276 2133 et
298 2091 400 2153 paene
423 2090 548 2133 manus.
594 2071 640 2133 sic
664 2069 818 2136 Chalcida
840 2073 956 2136 fluctus

51 2159 231 2242 Expelluut
253 2157 338 2241 flaui,
363 2158 410 2221 sio
433 2157 608 2221 dissociata
626 2157 788 2241 profundo

52 2247 186 2310 Bruttia
210 2245 373 2310 Sicanium
396 2245 614 2328 circumspicit
636 2268 694 2310 ora
715 2247 875 2314 Pelorum.

54 2333 140 2410 Quid
164 2335 306 2417 primum
329 2333 512 2397 mediumue
535 2355 658 2418 canam,
682 2357 746 2420 quo
768 2337 832 2402 fine
855 2336 1039 2421 quiescam?

51 2424 241 2486 Auratasne
263 2422 372 2486 trabes
398 2443 440 2485 an
462 2421 596 2486 Mauros
619 2423 759 2508 undique
783 2427 886 2508 postis
1087 2439 1121 2489 35

52 2512 109 2575 An
133 2511 296 2594 picturata
318 2510 461 2574 lucentia
484 2531 645 2575 marmora
667 2531 752 2575 uena

129 2797 162 2845 12
186 2791 327 2846 discedere
350 2796 373 2843 A
399 2798 428 2860 0,
454 2792 583 2862 correuill
598 2797 630 2846 16
654 2791 781 2860 facieque
803 2794 903 2861 screpsi
926 2793 943 2848 l.
963 2794 980 2847 l.
1001 2811 1031 2861 p.
1051 2798 1124 2849 253.-

54 2866 201 2931 artemque
225 2867 242 2913 0
265 2880 282 2914 a
305 2876 437 2917 concessa
461 2863 480 2914 ς
502 2863 511 2932 ΙΙ
534 2868 568 2916 19
591 2862 667 2916 unda
687 2879 738 2932 per
759 2863 872 2918 umbras
897 2868 928 2919 ⁶3:
952 2865 1051 2919 umbra
1074 2881 1124 2933 per

54 2932 147 2987 undas
166 2937 183 2984 0
202 2935 289 3002 01120
307 2932 371 3001 Ipse
388 2933 484 2988 Dom..·
501 2934 567 3002 Ipsa
585 2939 603 2985 0
622 2933 756 3002 alerien
773 2933 828 2988 A*:
848 2937 943 2989 autem
962 2937 1049 3004 01121
1070 2935 1124 2989 Uix

54 3021 121 3058 suus
136 3003 258 3068 Mortl.;
271 3004 363 3071 poscis
377 3004 448 3058 Tam
461 3003 535 3058 ferus
548 3006 558 3073 ΙΙ
572 3010 604 3058 23
620 3004 727 3058 alente·
742 3004 889 3059 Heinsius:
902 3005 1038 3060 habentes
1052 3012 1070 3058 0
1084 3025 1101 3057 a
1113 3005 1124 3077 ΙΙ

54 3081 90 3127 24
109 3074 312 3142 corruptus-L.
331 3073 480 3144 utrimque,
498 3074 609 3129 domus:
632 3091 685 3129 uec
708 3091 737 3128 se
755 3093 791 3128 m.
811 3093 835 3130 a.
856 3076 985 3143 1003000·
1008 3081 1033 3129 et
1056 3081 1125 3130 certe

54 3145 155 3199 domus
177 3146 362 3199 00000000-
385 3150 439 3210 est‚·
464 3146 581 3211 fortaese
603 3144 634 3198 L.
658 3163 685 3198 u.
710 3144 809 3200 domus
831 3148 911 3201 tenet
934 3148 963 3200 et
980 3146 1040 3203 mit.
1065 3165 1090 3201 a.
1115 3147 1121 3219 Ι

54 3215 147 3269 amnis
171 3219 202 3269 ςι
228 3231 317 3270 annus
341 3220 358 3266 0
377 3214 456 3270 anuis
475 3220 506 3285 A,
525 3220 556 3268 nt
574 3216 631 3270 nid.
652 3214 660 3286 ll
679 3221 713 3271 26
732 3216 853 3272 fluuioue
877 3221 988 3286 opstare
1010 3219 1124 3286 0000.-

54 3285 204 3341 fluuiorum
222 3288 318 3355 optare
338 3291 355 3337 0
370 3302 393 3354 a,
412 3286 563 3340 fluuiumue
582 3285 694 3340 obstare
711 3286 864 3356 12001128
882 3289 974 3342 uictos
992 3292 1016 3340 A
1033 3289 1123 3344 uictos

55 3362 72 3408 0
86 3359 96 3426 ΙΙ
111 3362 144 3410 32
154 3356 307 3426 Expellunt
318 3358 491 3422 02030000·
504 3356 674 3426 Dispescunt
683 3356 817 3412 Heinsius
826 3359 972 3413 Dinellunt
986 3357 1101 3414 Guictns
1117 3359 1121 3431 Ι

55 3427 122 3482 flaui
139 3427 355 3550 ⁸⁰⁷ssp⁸l³lfi¹¹ufi
374 3434 391 3479 0
409 3447 426 3479 a
444 3427 523 3481 reflui
550 3427 773 3498 Lindeabropius
799 3429 890 3500 refugi
919 3429 1038 3484 Oruceus
1057 3433 1067 3498 ΙΙ
1089 3435 1123 3483 36

56 3513 129 3552 uena
151 3502 174 3549 A
214 3503 244 3551 c:
275 3502 362 3552 unae*
