2534 3948
451 225 638 281 SILUARUM
655 226 686 282 L.
705 227 752 296 IV,
771 231 796 284 8.
1089 227 1151 293 121

77 370 203 456 Macte,
226 369 312 456 quod
335 372 369 433 et
390 370 499 454 proles
514 369 583 434 ¹tibi
606 363 733 456 saepius
756 374 852 436 aucta
873 371 976 436 uirilis
1118 389 1156 438 aa

76 459 223 525 Roboris
251 461 284 523 et
304 458 416 522 iuueni
437 458 621 523 laetandast
641 460 735 544 uirgo
757 461 886 545 parenti

79 544 219 632 (Apticr
241 547 293 612 his
310 548 430 631 -uirtns,
451 547 547 630 citius
570 547 663 612 dabit
683 548 740 612 illa
761 545 922 634 nepotes),

79 635 198 712 Qualis
220 635 377 701 maternis
399 633 524 700 Helene
547 636 614 700 iam
636 636 736 720 digna
757 637 930 720 palaestris

76 724 174 788 Inter
194 724 391 809 Amyclaeos
413 725 565 808 reptabat
586 724 724 788 candida
746 724 876 810 fratres3

78 811 147 877 Uel
171 813 275 898 qualis
299 812 381 877 caeli
403 812 512 896 facies,
533 813 591 877 ubi
613 816 708 877 nocte
731 833 845 878 serena
1116 831 1153 882 3ο

77 900 265 966 Admouere
288 899 383 965 iubar
403 897 528 966 mediae
552 900 615 965 duo
639 901 744 966 sidera
766 901 871 967 lunas.

78 987 145 1053 Sed
169 1010 287 1073 queror
307 985 396 1053 haud
417 989 539 1072 faciles,
560 990 715 1072 iuuenum
739 989 912 1075 carissime,
935 994 1069 1074 questus

77 1077 271 1162 Irascorquc
295 1077 402 1162 etiam,
426 1081 584 1163 quantum
606 1079 791 1144 irascuntur
814 1083 969 1144 amantes.

77 1164 231 1230 Tantane
254 1187 305 1230 me
329 1166 435 1231 decuit
457 1166 587 1252 uulgari
609 1166 727 1251 gaudia
749 1167 838 1232 fama

77 1252 246 1318 Noscere?
271 1275 406 1337 cumque
428 1254 490 1318 tibi
513 1255 639 1339 uagiret
660 1256 777 1320 tertius
800 1255 918 1340 infans,
1118 1273 1154 1322 35

77 1340 235 1406 Protinus
259 1342 386 1427 ingenti
408 1364 476 1407 non
498 1343 589 1408 uenit
611 1345 727 1407 nuntia
750 1366 845 1408 cursu

77 1428 217 1514 Littera,
240 1451 322 1514 quae
344 1430 447 1495 festos
470 1431 634 1496 cumulare
657 1432 814 1498 altaribus
836 1432 929 1516 ignes

76 1517 127 1582 Et
148 1519 298 1583 redimire
322 1518 439 1603 chelyn
461 1523 635 1604 postesque
659 1541 772 1586 ornare
795 1520 921 1584 iuberet

78 1607 275 1691 Albanoque
298 1605 413 1672 eadum
437 1608 621 1672 sordentem
643 1629 789 1691 promere
811 1607 903 1674 fumo

77 1694 127 1759 Et
150 1699 239 1761 oreta
261 1695 388 1780 signare
412 1695 522 1761 diem?
551 1695 596 1760 sic
619 1695 731 1761 tardus
754 1697 902 1781 inersque
1116 1715 1153 1765 40

77 1781 177 1848 Nunc
201 1782 329 1848 demum
352 1805 425 1849 mea
448 1788 527 1850 uota
550 1806 645 1850 cano:
673 1789 710 1850 tu
734 1785 830 1870 culpa
851 1790 990 1870 tuusque

77 1869 144 1934 Hic
166 1871 279 1954 pudor.
315 1872 452 1937 ulterius
477 1871 532 1937 sed
556 1874 640 1937 enim
663 1870 838 1957 producere
862 1878 995 1959 questus

77 1957 159 2024 Non
181 1960 270 2043 licet3
294 1981 335 2024 en
357 1957 471 2025 hilaris
495 1961 683 2026 circumstat
705 1962 801 2026 turba
823 1964 955 2026 tuorum

77 2045 300 2132 Defensatque
323 2051 459 2132 patrem.
496 2070 592 2133 quem
614 2071 681 2113 non
703 2047 766 2113 hoc
789 2049 919 2136 agmine
941 2050 1077 2115 uineas?

77 2134 124 2200 Di
146 2136 252 2221 patrii,
275 2158 356 2221 quos
380 2136 524 2222 auguriis
548 2157 645 2222 super
668 2157 809 2220 aequora
831 2138 957 2222 magnis
1115 2156 1152 2205 45

77 2222 173 2288 Litus
197 2224 237 2290 ad
260 2223 442 2290 Ausonium
466 2223 595 2290 deuexit
616 2223 762 2292 Abantia
784 2223 907 2311 classis,

79 2311 141 2394 Tu,
165 2311 279 2378 ductor
301 2312 415 2397 populi
437 2314 535 2399 longe
557 2314 741 2400 migrantis,
764 2314 893 2399 Apollo,

79 2397 181 2464 Ouius
205 2400 309 2466 adhuc
330 2401 497 2467 uolucrem
518 2402 613 2466 laeua
636 2403 759 2467 ceruice
783 2401 946 2467 sedentem

77 2487 269 2570 Respiciens
292 2488 410 2554 blande
432 2490 511 2555 felix
534 2489 680 2556 Eumelis
703 2491 831 2574 adorat,

76 2576 202 2660 Tuque,
224 2576 348 2642 Actaea
370 2573 478 2664 Ocres,
501 2599 596 2644 cursu
620 2581 670 2644 cui
694 2599 821 2663 semper
844 2577 961 2646 anhelo
1114 2596 1150 2647 50

76 2663 235 2730 Uotiuam
257 2667 349 2731 taciti
373 2687 563 2751 quassamus
586 2667 735 2752 lampada
757 2669 893 2752 mystae,

76 2751 126 2817 Et
148 2774 215 2838 uos,
239 2752 452 2840 Tyndaridae,
475 2777 555 2841 quos
577 2776 644 2821 non
665 2755 826 2820 horrenda
847 2754 990 2842 Lycurgi

77 2839 227 2926 Taygeta
250 2843 485 2928 umbrosaeque
508 2845 612 2929 magis
636 2844 763 2908 coluere
787 2843 992 2928 Therapnaet

152 3127 196 3190 25,
215 3128 250 3177 26
269 3122 359 3178 uirilis
377 3122 496 3178 Roboris
515 3125 544 3178 et
562 3139 623 3194 eyo:
650 3124 727 3179 uirili
744 3125 854 3181 Robore
874 3125 922 3180 sed
941 3131 959 3177 0
978 3145 995 3178 a
1014 3127 1019 3193 1
1043 3125 1150 3182 laetan-

76 3192 144 3246 dast
165 3195 279 3262 seipsi:
306 3193 413 3248 laetam
440 3194 492 3248 dot
514 3199 532 3246 0
555 3211 579 3249 ι.
601 3200 689 3250 restet
710 3197 907 3251 memdondam
933 3196 1058 3266 saepiam
1084 3215 1150 3252 nom

79 3265 167 3318 altero
189 3269 248 3318 tura
265 3266 386 3334 puerulo
408 3271 507 3320 amur
528 3272 587 3320 erat
611 3267 782 3322 Menecrates
804 3269 814 3337 ΙΙ
836 3273 870 3322 27
893 3269 994 3323 dana
1017 3267 1121 3324 Marti.
1139 3269 1150 3340 ΙΙ

75 3335 112 3388 32
136 3333 276 3389 rarissime
296 3341 313 3387 0
337 3353 362 3403 a,
385 3349 454 3390 corr.
480 3342 498 3391 ς
520 3338 588 3406 1140
611 3339 689 3392 oreta
710 3337 865 3394 Boethius:
892 3339 978 3393 cantu
1001 3345 1019 3391 0
1043 3358 1060 3392 ι
1082 3342 1086 3409 Ι
1109 3339 1149 3393 sic

74 3405 191 3530 qq'ripspg
209 3405 258 3543 spd
276 3411 330 3546 ⁰).
346 3409 357 3477 ΙΙ
380 3412 414 3461 40
432 3406 555 3462 Abantia
575 3413 592 3463 ς
612 3427 641 3462 az
660 3409 779 3463 abanxia
797 3410 843 3478 ⁰l
866 3413 900 3463 60
918 3413 999 3466 astea
1015 3413 1052 3463 Δε
1070 3409 1151 3464 astes

139 3484 156 3528 a
187 3489 205 3528 a
233 3491 302 3531 acea
330 3482 348 3528 0
