2534 3948
141 220 185 286 96
514 219 842 276 P.PAP1N118TAT11
895 191 900 198 ’

140 369 234 432 tuum
257 329 392 452 ‘quidem
419 364 687 449 condiscipulum,
717 365 774 429 sed
796 363 878 429 mihi
891 364 973 429 citra
995 366 1059 430 hoc
1083 387 1219 450 quoque

141 454 192 519 ius
230 456 390 520 artissime
428 475 546 518 carum.
598 475 675 518 narn
711 451 858 518 Uindicis
895 453 999 519 nostri
1035 452 1219 519 Herculem

140 541 374 628 Epitrapezion
397 541 573 607 secundum
596 541 762 625 honorem,
785 541 937 625 quamde
956 564 1009 607 me
1027 546 1061 606 et
1075 541 1116 607 de
1131 543 1218 627 ipsis

141 630 257 697 studiis
280 633 430 714 meretur,
453 629 613 714 imputare
637 628 736 694 etiam
759 629 820 695 tibi
842 651 984 714 possum.
1029 629 1218 696 Maximum
1227 640 1253 685 ‘2⁰

143 717 277 786 Uinium
304 723 338 786 et
364 717 533 804 dignitatis
557 721 591 784 et
613 718 818 804 eloquentiae
841 719 973 784 nomine
999 741 1019 783 a
1041 719 1142 784 nobis
1166 721 1217 784 di-

140 807 202 894 ligi
225 809 304 875 satis
328 829 416 874 eram
438 810 577 872 testatus
601 806 754 895 epistola,
780 827 876 891 quern
899 808 940 873 ad
967 808 1059 872 illurn
1082 807 1124 873 de
1149 809 1217 873 edi·

138 898 231 962 tione
258 897 441 964 Thebaidos
469 916 558 960 meae
585 895 764 980 publicaui3
793 895 847 960 sed
870 917 957 961 nunc
985 917 1113 982 quoque
1138 919 1216 961 eum

141 986 261 1052 reuerti
289 985 447 1051 mabuius
475 1006 515 1049 ex
540 982 707 1049 Dalmatia
733 1005 824 1069 rogo.
874 984 986 1050 iuncta
1016 988 1066 1050 est
1093 986 1216 1071 egloga

141 1074 183 1140 ad
206 1074 401 1158 municipem
424 1095 533 1139 meum
555 1071 673 1138 Iulium
687 1071 913 1156 Menecmtem,
936 1072 1143 1158 splendidum
1166 1075 1251 1138 iu-ei

141 1184 257 1228 uenem
286 1165 326 1236 et,
344 1161 441 1228 Pollii
468 1161 533 1227 mei
563 1182 731 1246 generum,
759 1160 811 1224 oui
839 1162 984 1246 gratulor
1011 1161 1098 1246 quod
1125 1161 1214 1228 Nea·

144 1251 246 1336 polim
277 1253 424 1316 nostram
454 1270 588 1314 numero
619 1249 796 1314 liberorum
825 1250 1056 1316 honestauerit.
1101 1248 1214 1316 Plotio

140 1337 263 1424 Grypo,
286 1338 420 1404 maioris
443 1338 561 1423 gradus
575 1337 694 1421 iuueni,
717 1337 846 1423 dignius
862 1339 1052 1423 opuseulum
1068 1339 1215 1424 reddam,

140 1428 198 1493 sed
221 1427 351 1494 interim
372 1427 674 1512 hendecasyllabos,
697 1447 777 1511 quos
801 1425 1027 1492 Saturnalibus
1050 1449 1116 1492 una
1140 1430 1214 1494 risi-

141 1538 223 1601 mus,
244 1516 320 1581 huio
343 1514 502 1582 uolumini
525 1515 655 1580 inserui.
702 1536 801 1600 quare
825 1537 903 1601 ergo
924 1517 1019 1600 plura
1040 1516 1076 1580 in
1093 1521 1213 1600 quarto
1223 1526 1250 1572 3υ

142 1603 298 1671 siluarum
322 1626 420 1689 quam
442 1605 477 1669 in
499 1603 684 1688 prioribus?
706 1624 749 1667 ne
771 1625 806 1668 se
828 1607 944 1687 putent
957 1603 1080 1688 aliquid
1095 1607 1213 1690 egisse,

140 1693 197 1778 qui
224 1693 511 1778 reprehenderunt,
538 1697 576 1757 ut
599 1692 708 1775 audio,
733 1691 820 1777 quod
841 1693 904 1758 hoc
926 1692 995 1758 stili
1018 1713 1121 1778 genus
1147 1695 1213 1758 edi-

139 1781 268 1848 dissem.
313 1781 455 1865 primum
487 1801 722 1864 superuacuum
754 1784 804 1845 est
831 1781 1016 1848 dissuadere
1047 1802 1116 1846 rem
1145 1783 1213 1848 fae·

139 1873 222 1954 tam3
250 1869 365 1935 deinde
388 1870 491 1936 multa
514 1869 635 1934 axillis
657 1869 724 1934 iam
747 1869 879 1936 domino
894 1867 1026 1936 Caesari
1049 1869 1215 1955 dederam,
1255 1887 1256 1945 l

141 1961 174 2023 et
202 1960 324 2042 quanto
357 1958 419 2024 hoc
445 1959 521 2042 plus
553 1961 603 2022 ast
635 1979 733 2042 quam
761 1957 875 2022 edere?
920 1979 1065 2024 exercere
1099 1963 1249 2024 autem-a

141 2047 229 2114 iocos
252 2045 437 2112 nonlicet?
460 2045 616 2112 ‘secrato’
639 2046 755 2130 inquit
783 2047 839 2111 scd
861 2045 911 2112 est
925 2047 1214 2131 sphaeromachias

139 2139 323 2219 spectamus
346 2139 379 2200 et
405 2135 518 2220 pilaris
549 2135 634 2200 lusio
666 2134 858 2199 admittitur.
902 2135 1096 2201 nouissime:
1125 2138 1214 2222 quis·

141 2222 212 2308 quis
241 2245 280 2288 ex
307 2223 388 2288 meis
415 2223 539 2288 inuitus
569 2221 690 2308 aliquid
713 2223 803 2308 legit,
827 2223 938 2300 statim
962 2245 996 2288 se
1017 2225 1216 2308 profiteatur

139 2311 334 2377 aduersum?
357 2311 465 2394 itaque
488 2333 587 2396 quare
610 2311 745 2377 consilio
769 2311 837 2376 eius
862 2312 1033 2377 accedam?
1065 2313 1102 2378 in
1126 2336 1215 2380 sum·

138 2422 241 2554 dl·
263 2399 1050 2574 {deth⁵llmdlf²ltl⁰0ldhlillff
1070 2405 1107 2554 :l
1119 2413 1237 2556 5321*

137 2581 202 2663 tur,
226 2565 275 2644 s‘el
297 2578 464 2657 hactenus,
488 2577 516 2643 si
538 2577 635 2643 nimis
659 2577 939 2687 reprehendemur.
969 2578 1053 2643 uale.
1253 2576 1254 2643 l

138 2776 351 2785 -------

211 2899 242 2948 17
276 2893 391 2962 quidem
419 2894 449 2948 st
475 2898 492 2944 0
520 2911 537 2946 a
574 2893 688 2962 quidem
716 2893 802 2948 etiam
829 2893 906 2958 cdd.;
935 2895 965 2948 et
991 2893 1082 2952 delmi
1107 2894 1111 2959 Ι
1138 2895 1214 2949 citra
1252 2899 1253 2993 l

138 2964 176 3022 H.
196 2965 329 3021 Nohlr'us:
353 2965 450 3020 eontra
472 2969 489 3015 0
512 2982 529 3017 a
546 2965 556 3034 ΙΙ
576 2969 608 3018 18
628 2981 693 3019 nem
711 2970 730 3016 0
748 2982 778 3018 a:
797 2964 854 3020 iam
872 2964 952 3020 Dom.
967 2965 977 3032 ll
991 2968 1024 3018 21
1044 2963 1158 3018 uinium
1178 2970 1214 3018 A:

137 3035 282 3092 iuniumc
305 3037 315 3104 l
337 3039 371 3090 28
391 3034 472 3116 gripo
490 3034 660 3162 cfflpos
680 3053 697 3088 a
718 3035 728 3104 l
750 3041 784 3090 36
803 3035 906 3117 iocos
925 3040 942 3086 0
961 3050 999 3088 aa
1017 3033 1214 3106 inquis?u37

137 3106 234 3176 pilaria
252 3111 288 3160 A:
307 3106 449 3176 palense
474 3108 479 3172 Ι
581 3107 632 3162 ttrt
649 3109 672 3159 Δ
691 3112 708 3158 0
730 3107 740 3175 [Ι
762 3111 797 3161 38
815 3104 928 3160 inurdus
951 3103 1055 3160 Marti.
1080 3107 1091 3174 l
1115 3112 1151 3160 39
1172 3105 1216 3161 ita

139 3193 225 3246 quare
243 3182 261 3228 0
279 3195 304 3246 a,
323 3177 436 3232 corraei.
456 3175 553 3245 itaque
571 3177 655 3247 uulgo
671 3180 676 3245 Ι
690 3176 721 3231 in
739 3193 877 3232 summam
895 3181 924 3230 c:
949 3175 1109 3231 insumma
1128 3179 1148 3231 ς
1170 3195 1188 3229 ι
1206 3177 1214 3243 ξ,

138 3253 173 3303 40
196 3262 263 3318 argo
286 3248 398 3303 maadi:
421 3263 470 3304 aaa.
495 3253 513 3298 0
536 3266 553 3301 a
570 3249 580 3317 ΙΙ
598 3254 630 3301 41
656 3247 787 3304 defendes
811 3249 840 3301 et
858 3246 883 3302 si
905 3245 1017 3301 uidetur
1033 3245 1176 3303 hactenus
1196 3253 1214 3300 0

138 3336 163 3386 a,
187 3319 300 3373 correxi.
324 3318 453 3386 defende,
473 3316 535 3386 sed,
559 3319 583 3374 si
601 3317 722 3388 uidetur,
740 3318 875 3372 hactenm
895 3317 1065 3385 Mudaiyiue
1091 3319 1101 3387 [1
1128 3324 1168 3372 42
1189 3317 1213 3372 si
1251 3277 1252 3341 l

137 3388 222 3444 nimis
239 3389 322 3445 idem:
342 3387 385 3444 sin
404 3388 468 3457 (sim
488 3390 514 3457 a)
532 3389 624 3444 minus
643 3395 691 3443 οα
707 3391 711 3458 Ι
727 3388 964 3458 reprehendamur
983 3387 1090 3446 Markl.
