2534 3948
150 244 214 312 108
516 247 546 301 Ρ.
565 245 705 302 PAPINII
724 246 847 304 suern

149 393 257 458 Torua
279 388 431 456 Cleonaei
449 390 527 455 iuba
550 391 673 476 sideris,
695 413 774 458 exue
796 393 883 458 curis

149 481 265 548 Pectus
289 481 322 543 et
345 478 476 544 assiduo
498 482 600 544 temet
617 479 726 544 furare
748 481 861 546 labori.

150 569 197 636 Et
220 571 330 634 sontes
353 567 459 650 operit
480 565 651 651 pharetras
670 589 844 654 arcumque
863 569 1007 636 retendit
1181 594 1208 641 so

149 655 299 742 Parthus,
322 658 355 738 et
377 654 466 721 Eleis
491 655 605 741 auriga
625 656 794 722 laboribus
818 662 908 723 actos

149 745 277 831 Alpheo
300 745 480 829 permulcet
502 764 611 830 equos,
634 748 668 809 et
688 749 802 810 nostra
823 746 955 811 fatescit

149 835 355 917 Laxaturque
378 831 504 917 chelys:
526 831 612 898 uires
635 832 774 917 instigat
797 834 919 918 alitque

150 921 359 1007 Tempestiua
381 920 486 1006 quies!
523 922 628 984 maior
650 923 813 1006 postolis
835 923 953 987 ιιιιιιιιι

151 1011 240 1076 Talis
264 1011 395 1074 cantata
416 1007 562 1074 Briseide
584 1009 677 1073 uenit
698 1009 844 1076 Achilles
1186 1033 1213 1081 sa

151 1099 266 1165 Acrior
288 1101 322 1162 et
343 1097 458 1181 pusilis
482 1097 621 1181 erupit
611 1119 647 1162 ιιι
668 1096 754 1162 Heot
739 1101 812 1163 tora
834 1098 976 1182 plectris.

151 1186 197 1252 Te
220 1206 347 1271 quoque
369 1184 550 1248 flammabit
571 1186 670 1250 tacite
692 1187 831 1270 repetita
853 1207 1029 1272 parumper

152 1209 284 1340 Desidia
307 1275 340 1338 et
362 1271 477 1338 solitos
500 1293 605 1338 nouus
629 1274 820 1340 exultabis
810 1296 845 1338 ιιι
869 1279 968 1340 sabis.

152 1362 335 1430 Gerte1sm
358 1360 471 1425 Latias
494 1381 560 1426 non
584 1363 722 1427 miscent
744 1362 850 1449 iurgia
871 1363 970 1448 leges,

150 1452 196 1519 Et
217 1471 331 1536 pacem
353 1449 447 1535 piger
468 1471 571 1514 annus
593 1449 701 1535 habet,
724 1471 908 1537 messesque
930 1463 1086 1517 reuersae
1190 1471 1220 1518 ιι

151 1540 312 1606 Dimisere
334 1538 451 1604 forum.
496 1557 556 1604 nec
578 1539 643 1603 iam
667 1539 726 1604 tibi
750 1540 847 1605 turba
868 1559 997 1605 reorum

152 1625 323 1694 Uestibulo
343 1626 529 1712 querulique
552 1629 671 1713 rogant
694 1625 781 1693 exire
805 1628 948 1693 clientes.

153 1715 268 1782 Cessat
290 1715 419 1779 centeni
441 1713 638 1779 moderatrix
660 1715 774 1780 iudicis
796 1713 903 1801 hasta,

153 1802 225 1879 Qua
246 1802 307 1866 tibi
330 1801 460 1865 sublimi
482 1802 548 1866 iam
570 1823 657 1868 nuno
676 1803 883 1869 celeberrima
905 1803 993 1868 fama

152 1889 293 1974 Eminet,
315 1891 348 1952 et
369 1889 497 1954 iuuenis
520 1890 672 1956 facundis
694 1893 849 1975 praeterit
871 1911 985 1956 annos.
1195 1907 1227 1956 ιι

152 1978 244 2044 Felix
266 1997 424 2062 curarum,
447 1978 499 2042 cui
520 2000 588 2044 non
609 1977 780 2046 Heliconia
802 1979 891 2044 cordi

154 2067 247 2134 Serta
269 2087 329 2132 nec
351 2065 488 2131 inbelles
510 2065 649 2132 Parnasi
671 2089 688 2132 e
711 2067 831 2132 uertice
853 2069 974 2151 laurus,

155 2156 217 2226 Sed
239 2156 330 2241 uiget
351 2155 518 2240 ingenium
542 2159 576 2220 et
597 2176 734 2260 magnos
758 2155 951 2220 accinctus
942 2175 976 2218 ιιι
998 2173 1080 2220 usus

153 2245 231 2311 Fert
254 2243 383 2308 animus
405 2265 624 2328 quascumque
646 2245 748 2309 uices:
771 2264 831 2309 nos
855 2245 923 2309 otia
945 2243 1034 2308 uitae

156 2331 304 2399 Solamur
327 2333 424 2396 cantu
446 2334 647 2416 uentosaque
669 2331 788 2417 gaudia
810 2332 918 2397 famae
1201 2347 1237 2396 eo

156 2420 356 2498 Quaerimus,
402 2441 443 2484 en
466 2423 595 2506 egomet
619 2441 766 2486 somnum
789 2423 823 2485 st
845 2419 972 2506 geniale
996 2421 1131 2485 secutus

155 2509 257 2593 Litus,
278 2508 337 2574 ubi
360 2507 507 2574 Ausonio
530 2529 565 2573 se
589 2507 734 2573 condidit
755 2507 888 2593 hospita
910 2509 1007 2592 portu

153 2596 368 2680 Parthenope,
390 2600 504 2663 tenues
526 2597 647 2682 ignauo
669 2595 805 2700 pollice·
809 2594 945 2662 chordas

155 2684 253 2750 Pulso
276 2683 485 2770 Maroneique
508 2684 654 2751 sedens
644 2706 679 2749 ιιι
702 2685 849 2770 margine
871 2683 985 2768 templi

156 2771 255 2851 Sumo
279 2772 424 2837 animum
447 2776 481 2838 et
503 2773 614 2858 magni
636 2773 770 2837 tumulis
794 2772 932 2838 adcanto
955 2773 1122 2857 magistri.
1206 2787 1244 2836 eo

156 2860 203 2926 Αι
224 2864 271 2945 tu,
295 2862 323 2926 si
345 2861 437 2947 longi
460 2883 588 2927 clusum
611 2861 702 2926 dabit
724 2860 867 2945 Atropos
891 2861 963 2939 acui

156 2947 297 3036 (Datque
320 2947 468 3036 procori)
493 2948 640 3034 Latiique
665 2949 755 3015 ducis
781 2951 809 3014 si
831 2950 965 3014 numina
986 2951 1138 3034 pergent,

228 3285 261 3334 30
280 3281 442 3350 spent
390 3286 442 3334 G
446 3297 546 3349 ,corr¹
566 3287 585 3336 ς
608 3283 619 3351 ΙΙ
640 3287 672 3335 31
693 3281 776 3336 Eleos
803 3281 909 3336 Morbi.
931 3282 1073 3406 qatp
1016 3280 1053 3334 Al
1053 3280 1149 3351 pheos
1175 3286 1251 3348 cs,

156 3367 225 3407 corr
245 3353 342 3420 ςιιθ
361 3351 476 3420 plectris
496 3355 562 3406 ta.
581 3352 705 3422 postiae
751 3355 784 3406 3⁵1
803 3353 898 3408 malim

156 3429 212 3491 ca,
232 3437 300 3477 corr.
313 3423 401 3491 slat
420 3425 526 3504 negant
534 3421 718 3478 Brumannus
753 3427 787 3476 48
806 3421 900 3478 radim
918 3439 947 3476 ιιι
963 3421 1042 3476 actus
1055 3423 1066 3490 11
1080 3427 1117 3476 49
1139 3419 1251 3490 uisae]

156 3493 221 3550 miti
240 3491 345 3549 Morbi
359 3494 369 3562 ΙΙ
383 3495 416 3546 57
436 3492 512 3546 si—
531 3495 650 3562 pergent
670 3489 790 3548 Morbi:
783 3493 901 3547 sic—-
919 3493 1040 3562 pergant
1057 3497 1121 3544 Μ

947 3350 1027 3406 acide
1040 3352 1051 3420 l
1065 3355 1100 3405 38
1122 3350 1252 3406 solidos
