2534 3948
441 206 629 264 5555555
647 209 679 264 ι..
697 207 732 278 v,
751 214 775 263 a.
1079 208 1141 274 151

74 351 121 417 Te
145 353 215 418 5155
238 356 271 417 55
294 353 428 426 orbatae
451 352 595 438 caligant
617 353 690 418 uela
712 352 850 420 carinae.

72 440 142 507 Nec
165 443 272 508 solum
293 442 387 526 larga
409 444 529 508 memet
549 440 671 524 pietate
692 440 841 508 fouebes:

72 529 162 596 Talis
186 529 276 595 5515
298 530 471 596 thalamos.
515 530 664 594 5555151
687 529 819 614 cognita
841 530 937 596 taedc
1088 547 1141 596 245

72 615 231 696 Conubia,
253 639 337 684 5555
361 640 460 684 emor.
506 621 592 683 certe
588 618 782 772 te{seiungere
806 621 943 686 matrem

71 705 144 772 Iam
167 707 282 792 gelidis
305 727 430 791 nequeo
448 706 622 789 bustis3te
640 710 713 771 sent
698 708 740 771 tit
756 707 928 793 habetque,

71 795 118 859 Te
141 795 231 860 uidet
253 797 323 860 555
308 795 450 860 tumulos
473 797 609 878 ortuque
633 795 787 880 obituque
810 795 941 880 salutat,

70 882 118 948 Ut
136 883 274 948 Pharios
297 883 379 949 eliae
401 884 478 948 fiete
499 883 622 968 pietate
646 884 773 949 dolores

70 973 333 1057 Mygdoniosque
357 973 469 1038 colunt
491 976 613 1038 55555
636 994 696 1037 555
717 972 831 1037 funera
853 972 995 1056 plorant.
1085 989 1138 1038 245

70 1061 158 1138 Quid
179 1082 214 1125 re
215 1061 317 1126 ieram
340 1061 505 1145 expositos
528 1064 658 1127 seruato
679 1060 821 1144 pondere
844 1061 972 1126 mores?

70 1149 161 1226 Quae
183 1149 298 1234 pietas,
320 1170 418 1233 quam
440 1149 504 1214 uile
502 1150 661 1245 lucrum,
683 1171 764 1234 quse
783 1171 860 1215 cure
882 1150 1024 1235 pudoris,

70 1239 221 1316 Quantus
244 1258 336 1303 amor
358 1238 460 1304 recti?
482 1232 666 1323 rursusque,
687 1237 745 1303 ubi
767 1237 859 1304 dulce
882 1239 1075 1322 remitti,

69 1326 185 1392 Grratia
208 1346 290 1412 quae
313 1325 430 1392 dictis?
454 1326 563 1392 animo
586 1348 684 1410 quam
705 1327 797 1391 nulle
820 1327 991 1394 senectus?

68 1415 133 1480 His
156 1414 218 1480 tibi
240 1436 300 1498 pro
323 1415 447 1482 meritis
469 1415 593 1479 fernam
614 1414 789 1500 laudesque
811 1415 970 1499 benignas
1083 1431 1137 1481 255

67 1504 171 1569 Iudex
193 1525 271 1568 5555.
293 1502 389 1568 deum
410 1503 565 1656 nulloque
587 1524 604 1567 e
627 1503 760 1568 uulnere
781 1504 891 1568 tristes

67 1592 248 1658 1155555515
292 1594 425 1677 reperis,
447 1591 538 1676 genit
540 1612 585 1676 or,
607 1613 675 1657 555
697 1591 827 1676 indigus
851 1591 932 1675 seui,

66 1679 147 1746 Non
166 1680 297 1764 nimius,
317 1681 476 1766 trinisque
498 1643 609 1746 decein
632 1680 852 1766 quinquennia
873 1679 984 1746 lustris

66 1770 185 1834 Iuncta
207 1769 324 1835 ferens.
368 1769 425 1836 sed
448 1789 498 1834 me
519 1767 590 1871 piet
591 1791 626 1833 es
649 1790 818 1834 numerare
842 1768 996 1852 dolorque

65 1857 146 1923 Non
171 1858 256 1942 sinit,
279 1877 298 1921 5
320 1856 432 1941 Pylias
456 1859 528 1924 5551
551 1857 778 1924 transcendere
801 1860 904 1923 metes
1084 1873 1136 1922 255

65 1945 115 2011 Et
137 1943 278 2012 Teucros
302 1967 439 2030 aequare
463 1968 564 2024 senes,
587 1970 606 2013 o
626 1947 723 2032 digne
745 1946 854 2010 uidere

65 2034 122 2100 Me
147 2032 299 2099 simileml
321 2035 379 2099 sed
400 2055 459 2102 nec
481 2035 541 2100 leti
562 2035 624 2100 tibi
647 2036 746 2099 ianua
767 2034 871 2098 tristis

65 2121 209 2208 (Quippe
227 2124 315 2196 leues
338 2121 478 2211 causae),
499 2143 559 2190 555
577 2123 686 2208 segnis
708 2121 784 2186 tabe
807 2121 901 2186 senili

65 2211 186 2278 Exitus
209 2211 346 2276 15555551
367 2211 536 2297 praemisit
557 2212 703 2276 membra
725 2210 881 2294 sepulcro,

64 2299 133 2366 Sed
154 2305 189 2365 55
212 2301 356 2382 torpor
346 2324 434 2368 mers
457 2304 491 2365 55
513 2323 601 2367 mors
623 2299 752 2364 imitata
773 2298 914 2382 quietem
1082 2315 1135 2363 255

64 2387 237 2471 Explicuit
258 2387 504 2475 falsoquet
426 2389 504 2456 tulit
527 2390 587 2455 sub
609 2388 747 2453 Tartara
769 2407 893 2452 somno.

63 2477 158 2553 Quos
182 2497 243 2562 ego
264 2481 345 2544 tunc
363 2477 524 2564 gemitus?
547 2477 701 2544 comitum
724 2497 839 2540 manus
862 2473 959 2538 anxia
980 2473 1071 2554 uidit

63 2563 162 2631 Uidit
184 2570 217 2630 55
240 2570 421 2652 exemplum
445 2567 592 2652 genetrix
613 2565 789 2650 geuisaque
811 2563 916 2647 nouit,

64 2653 160 2730 Quae
181 2656 326 2719 lementa
347 2655 418 2720 tuli.
463 2656 591 2719 ueniam
614 2652 788 2738 concedite,
810 2673 931 2736 manes,

62 2741 132 2808 Fas
155 2743 285 2828 dixisse,
307 2749 412 2828 pater:
434 2765 501 2807 non
523 2746 560 2807 tu
583 2742 663 2806 mihi
685 2741 779 2825 plura
803 2739 955 2806 dedisses.
1082 2756 1135 2806 255

158 3097 210 3150 241
233 3093 377 3163 seiungere
400 3091 495 3146 Dona:
519 3091 658 3161 siiungere
685 3089 728 3144 A*
754 3096 771 3142 5
798 3093 808 3161 1
836 3093 924 3146 2425
925 3091 1080 3148 sadduc

63 3166 173 3233 51251
192 3165 279 3247 Iudex
296 3169 359 3218 Ac.
379 3161 467 3218 Index
485 3167 504 3216 ς
522 3159 633 3218 Uindex
650 3093 1134 3244 555.15515555555,5555.Μ5115.

73 3235 148 3304 1253
171 3234 274 3300 nimius
295 3233 411 3302 trinisq;
433 3239 469 3288 A:
493 3233 585 3288 minus
609 3233 724 3302 crinieq·
748 3237 766 3284 5
777 3234 904 3358 ζ11258
900 3233 995 3288 malim
1013 3232 1134 3304 (Quippe

76 3322 128 3360 555
151 3322 237 3361 causa
259 3307 313 3374 5551
333 3303 500 3374 1551551555
520 3321 620 3374 segnes
638 3303 757 3373 515555
818 3235 1134 3385 55551555151155511

63 3382 119 3431 259
142 3376 290 3458 praemisit
311 3380 334 3427 A
358 3380 389 3430 5.
412 3374 541 3444 permisit
562 3394 579 3428 ι
605 3374 735 3445 promisit
757 3374 916 3430 Gronovius
942 3375 952 3446 l
979 3381 1032 3430 263
1055 3373 1136 3430 55515

64 3448 163 3502 11555..-
180 3446 261 3502 uouit
277 3445 316 3498 A*
334 3451 352 3498 5
