2534 3948
514 239 544 294 P.
563 239 701 294 PAPINII
721 237 841 292 STATlI

656 470 697 536 V.

474 591 624 649 EGLOGA
641 593 691 646 AD
710 592 872 648 UXOREM.

141 717 226 796 Quid
248 721 329 786 mihi
351 724 477 786 maesta
501 720 561 804 die,
584 720 680 786 sociis
703 719 780 805 quid
801 720 962 803 noctibus,
985 742 1084 805 uxor,

141 809 250 874 Anxia
272 809 423 895 peruigili
446 808 537 874 ducis
561 807 701 892 suspiria
723 807 821 873 cura?

140 897 218 964 Non
239 901 349 964 metuo
372 919 413 962 nc
437 897 526 962 laesa
548 896 627 962 fides
651 900 707 961 aut
728 900 859 980 pectore
880 897 916 962 in
938 897 1003 964 isto

141 985 235 1052 Alter
257 1009 361 1069 amor3
383 986 482 1051 nullis
505 987 540 1051 iu
562 989 595 1050 te
619 985 714 1050 datur
735 986 782 1049 ire
806 984 934 1070 sagittis

142 1074 278 1158 (Audiat
300 1076 420 1140 infesto
442 1074 520 1140 lieet
541 1075 603 1140 hoc
626 1073 829 1140 Rhamnusia
851 1071 968 1159 uultu),

140 1160 218 1228 Non
241 1164 344 1228 datur.
390 1167 423 1227 et
446 1164 475 1228 si
498 1166 627 1247 egomet
649 1163 756 1246 patrio
780 1161 820 1225 de
842 1163 936 1227 litore
960 1167 1078 1247 raptus
1250 1210 1251 1284 ἕ

141 1249 302 1326 Quattuor
324 1251 467 1316 emeritis
490 1273 548 1334 per
570 1251 665 1334 bella,
688 1271 746 1335 per
768 1272 907 1336 aequora
928 1251 1043 1316 lustris

139 1337 302 1426 errarem,
324 1344 361 1405 tn
383 1339 471 1404 mille
494 1361 610 1424 procos
633 1340 758 1406 intacta
778 1338 924 1423 fugares3

140 1426 217 1494 Non
239 1429 434 1512 inperfectus
458 1431 641 1494 commenta
663 1431 806 1492 retexere
830 1428 921 1509 telas,

140 1514 203 1581 Sed
228 1518 296 1582 sine
319 1517 432 1582 fraude
455 1518 578 1602 palam·
591 1517 817 1600 thalamosque
836 1519 961 1580 armata
978 1537 1156 1602 negasses.
1190 1536 1219 1583 10

140 1603 201 1670 Dic
223 1609 343 1690 tamen,
365 1606 450 1671 unde
474 1607 542 1672 alta
563 1604 644 1670 mihi
665 1604 773 1669 fronte
797 1607 829 1668 et
851 1604 965 1668 nubila
986 1605 1129 1671 uultus?

140 1692 236 1758 Anne
260 1695 346 1778 quod
368 1695 533 1760 Euboicos
556 1694 662 1758 fessus
686 1714 828 1757 remeare
850 1696 984 1776 penates

139 1779 294 1866 Auguror
316 1787 349 1846 et
370 1783 478 1865 patria
501 1783 626 1848 senium
648 1769 841 1865 comp'oncre
863 1781 970 1846 terra?

139 1867 207 1933 Our
227 1869 291 1934 hoc
313 1869 407 1934 triste
430 1870 514 1935 tibi?
538 1875 624 1936 certe
646 1870 783 1936 lasciuia
805 1870 900 1934 corde

138 1954 249 2041 Nulla,
271 1979 330 2024 nec
353 1963 410 2023 aut
431 1959 537 2024 rabidi
559 1959 704 2025 mulcent
724 1962 757 2023 te
779 1958 904 2042 proclia
927 1955 1012 2023 Oirci
1188 1979 1218 2026 15
1252 1983 1253 2002 ¹

140 2043 208 2110 Aut
229 2046 331 2112 intrat
354 2044 467 2113 sensus
491 2048 641 2114 damnosi
662 2047 759 2112 turba
782 2047 918 2131 theatri3

140 2132 203 2199 Sed
224 2137 371 2219 probitas
395 2140 429 2200 et
451 2159 554 2220 opaca
576 2136 666 2220 quies
691 2139 724 2200 et
747 2134 875 2201 sordida
898 2157 1077 2218 numquam

140 2220 275 2288 Gaudia.
321 2246 401 2309 quas
425 2231 534 2290 autem
557 2225 710 2290 comitem
732 2227 765 2289 te
788 2228 883 2307 rapto
906 2244 964 2307 per
985 2224 1117 2290 undas?

141 2309 352 2396 Quamquam,
375 2317 407 2377 et
431 2313 458 2377 si
484 2314 606 2398 gelidas
629 2314 710 2378 irem
733 2333 906 2378 mansurus
929 2311 970 2376 ad
993 2311 1116 2379 Arctos

140 2397 202 2463 Uel
227 2423 323 2485 super
345 2400 523 2486 Hesperiae
545 2401 630 2466 uada
653 2401 829 2486 caligantia
845 2400 965 2465 Thules
1187 2422 1220 2468 20

140 2485 208 2552 Aut
231 2490 479 2575 septemgemini
502 2494 600 2574 caput
621 2489 857 2573 inpenetrabile
879 2487 958 2572 Nili,

140 2574 299 2642 Partirere
321 2579 401 2643 uias.
446 2579 566 2644 etenim
587 2582 645 2643 tua
668 2576 797 2662 (nempe
820 2577 963 2662 benigna

141 2661 246 2738 Quam
269 2666 351 2731 mihi
374 2671 461 2732 sorte
484 2666 596 2732 Uenus
620 2667 764 2732 iunctam
788 2666 977 2731 florentibus
1002 2666 1098 2731 annis

144 2749 261 2816 Seruat
283 2756 315 2817 et
337 2754 372 2818 in
397 2753 546 2842 senium),
569 2759 635 2839 tua,
659 2775 741 2839 quae
763 2775 814 2818 me
830 2754 969 2824 uulnere
991 2754 1098 2837 primo

210 3068 245 3124 V.
272 3069 383 3140 Egloge
405 3068 442 3123 ad
463 3084 578 3124 uxorem
601 3075 619 3120 0
641 3069 686 3123 Ad
709 3069 856 3124 Claudiam
880 3073 933 3123 §a
951 3071 960 3138 ΙΙ
980 3076 993 3122 1
1014 3067 1088 3134 Quid
1112 3069 1219 3126 Dona:

141 3136 208 3203 Quis
226 3144 249 3191 A
268 3146 286 3191 0
303 3141 313 3208 [Ι
331 3145 347 3194 5
366 3142 419 3195 hoc
438 3144 461 3191 A
480 3144 509 3192 0:
528 3139 599 3194 haec
618 3144 636 3194 ς
655 3141 664 3210 l
683 3145 698 3195 '1
718 3139 838 3209 emensis
857 3139 961 3194 Morbi.
976 3141 1015 3209 [19
1037 3139 1219 3209 inperfectas

139 3207 224 3262 idea:
241 3209 405 3267 intersectas
423 3212 479 3275 (uel
496 3210 670 3280 interfectas)
689 3216 706 3262 0
725 3230 742 3263 a
755 3214 765 3280 ΙΙ
779 3215 813 3264 10
832 3210 952 3280 armata]
973 3210 1072 3265 orbata
1086 3211 1198 3268 Markl.
1206 3235 1218 3279 ;

139 3279 234 3333 malim
252 3280 378 3335 animata
394 3283 405 3352 ΙΙ
424 3287 458 3335 14
477 3281 553 3337 cordi
571 3281 651 3336 Dom.
666 3283 676 3350 l
691 3287 723 3335 15
742 3281 834 3350 rapidi
852 3287 871 3333 0
889 3299 913 3348 a,
932 3295 1000 3336 corr.
1026 3281 1218 3349 Wakefieldus

140 3347 150 3416 ll
169 3355 202 3402 16
221 3350 349 3405 damnosi
370 3354 470 3420 scripsi
493 3353 509 3406 l.
533 3352 551 3406 l.
570 3369 601 3420 p.
625 3357 697 3407 256:
721 3352 837 3408 clamosi
855 3358 873 3404 0
891 3370 908 3405 a
924 3354 929 3420 Ι
945 3367 1011 3407 cura
1030 3351 1138 3408 Morti.
1154 3356 1216 3423 1120

79 3469 81 3474 ,
139 3419 232 3474 thules
250 3423 284 3488 Δ,
311 3426 342 3475 ut
364 3421 437 3476 uid:
455 3422 540 3476 thiles
559 3420 647 3492 01121
668 3423 871 3492 inpenetrabile
890 3428 925 3477 A:
946 3425 980 3476 ut
996 3424 1177 3491 penetrabile
1194 3433 1215 3478 0

138 3487 149 3559 ΙΙ
167 3494 200 3543 22
219 3489 358 3546 Pertinere
376 3493 475 3560 serpsi
494 3493 510 3547 l.
531 3492 563 3546 l.:
580 3493 731 3548 Hortarere
750 3499 767 3545 0
786 3512 803 3547 a
815 3496 825 3562 ΙΙ
839 3499 873 3548 24
892 3493 991 3549 Serust
1009 3493 1069 3550 edd.
