2534 3960
135 207 178 272 56
507 202 537 257 Ρ.
557 199 696 256 paulun
715 200 834 256 suurn

135 351 262 416 Firmat
282 349 378 414 hians
402 347 511 413 oculos
534 345 740 430 animamque
762 344 953 428 hostemque
977 344 1126 430 reliquit.

136 439 259 524 Magna
281 443 393 504 tamen
417 435 517 501 subiti
539 438 647 499 tecum
671 433 788 498 solatia
810 433 877 517 leti,

136 527 240 612 Uicto,
263 527 357 611 feres,
381 524 467 610 quod
489 527 522 588 te
546 523 662 587 maesti
684 522 886 606 populusque
909 525 1094 606 patresque,
1187 541 1220 589 aa

137 614 204 684 Ocu
227 619 324 680 notus
347 614 476 679 caderes
499 611 587 676 tristi
610 610 772 696 gladiator
794 609 925 694 harena,

136 704 327 790 Ingemuere
349 702 446 786 mori3
469 700 581 784 magni
604 699 689 783 quod
713 698 860 766 Caesaris
884 721 941 763 ora

136 793 226 858 lnter
248 796 300 857 tot
324 789 490 874 Scythicas
513 787 730 872 Libycaeque,
755 786 796 850 ab
818 786 914 851 litore
936 785 1044 851 Rheni

139 880 183 946 Elt
204 881 323 946 Pharia
347 879 385 943 de
409 881 505 963 gente
527 876 623 960 feras,
646 897 727 960 quas
750 875 881 958 perdere
905 875 969 940 uile
993 879 1053 959 est,

137 969 243 1035 Unius
267 967 381 1034 amissi
404 966 515 1051 tetigit
535 965 661 1030 iactura
682 963 795 1028 leonis.
1186 983 1221 1032 30

637 1193 694 1259 VI.

354 1314 584 1372 CONSOLATIO
603 1315 653 1370 AD
671 1313 839 1370 FLAUIUM
857 1313 990 1370 URSUM.

140 1443 243 1510 Saeuo
265 1443 374 1527 nimis,
397 1442 540 1508 lacrimis
563 1441 709 1525 quisquis
733 1440 921 1506 discrimina
942 1440 1036 1525 ponis

139 1532 347 1618 Lugendique
370 1531 491 1596 modos.
536 1530 691 1594 miserum
714 1534 764 1593 est
786 1530 954 1613 primaeua
976 1531 1106 1613 parenti

138 1621 280 1707 Pignora
304 1623 536 1705 surgentesque
560 1617 697 1703 (nefasll
723 1617 895 1683 accendere
916 1621 1028 1700 natos3

139 1709 265 1774 Durum
288 1713 321 1773 et
344 1708 464 1773 deserti
486 1710 658 1790 praerepta
680 1706 817 1792 coniuge
840 1709 966 1790 partem

141 1795 352 1862 Conclamare
374 1797 448 1878 tori,
470 1797 595 1860 maesta
618 1798 651 1860 et
672 1794 816 1859 lamenta
838 1816 985 1860 sororum

140 1885 186 1950 Et
207 1886 346 1950 fratrum
364 1884 518 1969 gemitus:
542 1882 633 1948 ardet
655 1885 765 1947 tamen
789 1905 826 1948 ao
849 1882 963 1966 procul
985 1883 1089 1948 intrat

140 1974 249 2039 Altius
271 1973 308 2036 in
330 1993 443 2037 sensus
466 1972 651 2056 maioraque
674 1971 809 2037 uirlnera
832 1972 933 2036 uincit

141 2063 245 2147 Plaga
266 2062 382 2126 minor.
427 2061 586 2126 famulum
609 2057 777 2146 (quoniam
800 2081 908 2124 rerum
930 2060 1039 2125 omnia
1062 2081 1168 2128 caeca

143 2149 195 2216 Sic
218 2150 333 2215 miscet
354 2148 499 2214 Fortuna
517 2169 615 2214 manu
637 2169 698 2213 nec
720 2151 852 2231 pectora
874 2147 996 2235 nouit),

143 2237 205 2303 Sed
227 2238 385 2304 famulum
408 2237 521 2322 gemis,
543 2236 637 2320 Urse,
659 2237 757 2321 pium,
781 2237 836 2300 sed
860 2257 967 2302 amore
990 2235 1119 2321 fidoque
1186 2255 1221 2305 10
1252 2287 1253 2306 1

141 2325 212 2391 Has
236 2327 387 2391 meritum
409 2325 570 2408 lacrimas,
593 2325 644 2390 oui
666 2326 772 2390 maior
794 2327 965 2390 stemmate
987 2329 1104 2392 cuncto

142 2413 305 2480 Nobilitas
329 2435 368 2479 ex
390 2417 498 2478 monte
521 2413 591 2478 luit
637 2433 678 2478 ne
702 2414 878 2497 comprime
901 2414 1004 2497 fletus,

141 2501 192 2568 Ne
214 2503 347 2588 pudeat,
369 2507 499 2586 rumpat
520 2501 630 2568 frenos
655 2501 747 2568 dolor
770 2502 832 2568 iste
855 2503 996 2587 deisque,

214 2806 248 2855 23
276 2800 392 2869 reliquit
419 2801 531 2870 scripsi:
562 2799 681 2869 requirit
709 2805 727 2851 0
753 2817 783 2869 ι,
815 2813 868 2868 quo
895 2803 1003 2854 cauato
1031 2799 1219 2870 animumque
1252 2811 1253 2866 1

144 2871 249 2996 qultl.
277 2873 348 2954 {lid
376 2871 413 2925 ab
439 2871 552 2940 scripsi:
578 2869 608 2924 in
636 2876 653 2922 0
681 2889 698 2923 a
725 2871 754 2926 et
780 2869 861 2925 Doto.
884 2871 894 2939 11
922 2875 956 2924 30
980 2869 1069 2925 oblati
1088 2869 1219 2938 Markl.;
1252 2885 1253 2924 l

142 2959 236 2997 mecm
255 2958 340 2997 occisi
1252 2979 1253 2990 ,

213 3012 261 3068 VI.
282 3012 406 3078 litatum
424 3029 458 3068 ecc
476 3017 499 3065 A
517 3012 593 3066 dedi:
612 3010 641 3067 C.
662 3027 687 3065 a.
705 3011 747 3066 Fl.
767 3011 800 3066 U.
822 3012 857 3066 de
876 3010 1025 3066 amissione
1043 3011 1125 3081 pueri
1145 3013 1216 3078 deli·
1252 3005 1253 3018 ¹

144 3083 201 3138 cati
218 3085 289 3154 ⁰l²
307 3083 497 3152 Lugendoque
523 3083 729 3151 Peerlkampias
746 3084 756 3151 l
776 3088 792 3135 3
812 3082 963 3137 accendere
981 3082 1076 3136 Dom.:
1096 3083 1217 3139 adedere
1252 3067 1253 3136 l

143 3152 185 3206 A*
205 3153 337 3209 accedere
359 3156 404 3223 01
423 3160 438 3209 u
462 3153 498 3207 ad
519 3155 549 3208 te
572 3156 668 3208 tamen
690 3155 721 3207 at
742 3153 840 3222 procul
858 3156 882 3205 A
900 3159 926 3222 0,
947 3153 1069 3218 concub
1089 3154 1153 3208 arte
1171 3157 1217 3209 ts-
1252 3157 1253 3220 1

143 3239 208 3278 men
227 3225 256 3278 et
275 3225 327 3294 (a)
346 3224 445 3294 procul
467 3223 610 3294 001018
634 3225 768 3293 quoniam
790 3223 886 3279 Dosa:
909 3222 976 3292 quia
997 3227 1020 3275 A
1044 3223 1115 3294 019
1133 3224 1218 3279 nouit
1252 3231 1253 3254 ³

144 3300 174 3349 o:
193 3293 284 3350 mouit
307 3300 325 3350 a
348 3313 366 3348 a
378 3297 388 3365 11
403 3299 437 3348 10
461 3294 550 3364 gemis
572 3298 608 3348 A:
626 3311 714 3364 genus
732 3301 750 3346 0
768 3295 778 3363 1
799 3301 830 3348 11
851 3297 952 3350 cuncto
975 3293 1217 3366 Ltudeobropisoe:

142 3364 238 3490 qqncto
257 3371 276 3418 0
293 3385 313 3419 a
327 3366 337 3437 11
355 3371 389 3420 12
408 3364 549 3420 Nobilitas
569 3365 689 3421 Mutet:
707 3365 836 3420 Libertas
854 3371 872 3418 0
886 3367 925 3435 ι11
940 3371 972 3420 13
987 3365 1105 3434 deisque
1118 3365 1217 3422 Dora:

173 3453 258 3506 esque
277 3443 295 3489 0
313 3455 330 3489 ι
1190 3467 1195 3474 -
