2534 3960
419 247 607 302 suarium
625 247 655 302 n.
674 248 696 318 1,
716 253 740 302 a.

49 389 176 456 Felices
199 394 352 475 utrosque
374 395 503 476 uocant,
527 392 640 457 sedin
663 391 792 476 agmine
815 392 923 474 plures

48 479 202 544 Inuiderc
225 480 305 544 uir0.
350 480 537 544 iamdudum
559 484 652 564 poste
675 480 803 545 reclinis

49 566 186 643 Quaerit
208 566 341 651 Hymen
363 568 516 633 thalamis
539 569 698 634 intactum
721 569 826 633 dicere
849 589 987 654 carmen,

50 655 124 732 Quo
148 660 257 720 uatem
280 657 419 721 mulcere
444 660 549 741 queat.
595 658 651 722 dat
672 657 755 722 Iuno
779 657 921 722 uerenda

46 743 199 828 Uincula,
223 748 256 810 et
277 746 422 830 insignes
446 746 591 828 geminat
614 744 794 811 Concordia
816 747 937 811 taedas.
1068 763 1119 812 240

48 832 114 897 Hic
137 833 201 897 fuit
222 833 276 897 ille
299 833 381 898 dies:
404 839 533 898 noctem
557 839 653 898 canat
674 835 744 919 ipse
767 835 917 899 maritus!

49 921 219 997 Quantum
242 943 337 987 nosse
360 923 445 1006 licet,
468 923 514 986 sic
537 923 624 987 uicta
647 945 763 1008 sopora
786 923 898 988 doloso

48 1009 170 1074 Martia
192 1010 345 1074 fluminea
368 1011 478 1094 posuit
500 1012 585 1076 latus
608 1011 670 1076 llia
692 1012 776 1095 ripa3

48 1097 128 1163 Non
150 1099 226 1162 talis
249 1099 362 1164 niueos
386 1099 484 1163 tinxit
506 1099 644 1164 Lauinia
665 1102 784 1185 uultus,

49 1185 134 1251 (lum
157 1186 267 1251 Turno
292 1191 458 1271 spectante
480 1188 587 1271 rubet3
609 1209 677 1254 non
696 1186 831 1253 Claudia
853 1189 929 1252 talis
1065 1205 1117 1254 245

48 1275 206 1358 Respexit
227 1277 365 1359 populos
388 1280 478 1341 mota
500 1277 566 1340 iarn
588 1277 683 1362 uirgo
707 1277 825 1342 carina.

47 1361 148 1428 Nunc
172 1385 262 1448 opus,
284 1363 450 1428 Aonidum
473 1365 608 1430 comites
630 1365 856 1450 tripodumque
879 1366 1030 1451 ministri,

48 1452 197 1517 Diuersis
221 1455 343 1517 certare
362 1453 479 1518 modis:
503 1457 555 1517 eat
578 1453 695 1518 enthea
717 1455 808 1518 uittis

50 1539 160 1624 Atque
183 1540 310 1605 hederis
333 1541 483 1605 redimita
506 1541 631 1624 cohors,
653 1546 691 1605 ut
713 1542 815 1625 pollet
837 1543 950 1606 ouanti

50 1628 195 1712 Quisque
218 1629 298 1712 lyra.
345 1629 401 1692 sed
422 1629 595 1712 praecipue
618 1630 674 1714 qui
691 1630 800 1695 nobile
819 1651 933 1714 gressu
982 1709 984 1714 ,
1067 1645 1120 1696 250

49 1717 207 1782 Extremo
230 1715 388 1781 fraudatis
412 1738 504 1802 opus,
527 1717 601 1781 date
624 1718 767 1781 camnine
789 1718 882 1782 festis

49 1805 161 1890 Digna
183 1805 275 1871 toris.
319 1805 404 1869 hunc
427 1807 495 1889 ipse
519 1802 586 1870 Coo
609 1806 782 1889 plaudente
806 1805 950 1871 Philetas

51 1892 335 1978 Callimachusque
359 1889 456 1958 senex
479 1891 666 1978 Umbroque
688 1895 879 1979 Propertius
903 1898 996 1960 antro

49 1981 243 2046 Ambissent
263 1982 395 2046 laudare
419 1982 513 2067 diem,
535 2003 594 2046 nco
617 1983 719 2046 tristis
743 1984 778 2047 in
800 1984 878 2068 ipsis

50 2069 143 2134 Naso
167 2070 278 2135 Tomis
302 2069 454 2154 diuesque
476 2071 549 2136 foco
572 2072 699 2135 lucente
723 2071 881 2136 Tibullus.
1020 2081 1021 2084 ’
1066 2085 1118 2136 255

50 2158 105 2222 Me
129 2162 214 2223 certa
236 2180 303 2224 non
325 2181 408 2223 unus
433 2181 525 2224 amor
547 2158 745 2243 simplexque
768 2159 906 2224 canendi
960 2183 962 2188 ·

51 2245 159 2311 Causa
182 2247 297 2311 trahit:
320 2252 427 2312 tecum
452 2247 573 2312 similes
596 2248 787 2331 iunctaeque
812 2245 985 2331 Camenae,

51 2334 164 2419 Stella,
187 2335 277 2418 mihi,
300 2336 501 2420 multumque
524 2356 618 2419 pares
641 2336 835 2400 bacchamur
858 2337 898 2400 ad
922 2357 994 2400 aras

50 2424 98 2488 Et
121 2424 242 2488 sociam
266 2424 368 2488 doctis
391 2424 558 2488 haurimus
582 2424 624 2487 ab
643 2425 791 2488 amnibus
814 2425 944 2489 undam.

52 2512 100 2575 At
121 2515 154 2575 te
176 2515 364 2576 nascentem
387 2513 511 2596 gremio
535 2533 608 2576 mea
629 2513 735 2596 prima
756 2513 880 2596 recepit
1067 2527 1119 2578 260

52 2599 270 2685 Parthenope,
294 2600 459 2684 dulcisque
483 2601 554 2665 solo
576 2605 613 2665 tu
636 2601 741 2685 gloria
763 2605 875 2666 nostro

49 2687 209 2771 Reptasti.
245 2688 383 2754 nitidum
407 2692 583 2774 consurgat
606 2690 647 2753 ad
671 2689 803 2754 aethera
830 2689 926 2754 tellus

51 2775 177 2840 Eubois
201 2780 234 2841 et
251 2779 364 2860 pulcra
386 2780 512 2842 tumeat
534 2777 690 2843 Sebethos
715 2779 861 2862 alumna3

51 2863 122 2929 Nec
145 2865 207 2928 sibi
230 2865 413 2949 sulphureis
436 2865 594 2930 Lucrinae
618 2865 739 2931 Naides
763 2868 865 2932 antris

51 2951 122 3017 Nec
140 2951 332 3036 Pompeiani
354 2955 506 3037 placeant
528 2955 633 3039 magis
657 2955 724 3020 otia
748 2953 850 3020 Sarni.
1067 2969 1118 3020 265

123 3221 175 3270 237
198 3215 309 3271 rccliuis
331 3221 348 3268 0
371 3234 389 3268 ο,
411 3218 420 3286 ll
443 3222 496 3271 240
518 3216 624 3286 insigni
641 3233 668 3286 g.
688 3217 716 3272 0.
735 3218 803 3271 teda
821 3223 839 3268 0
857 3234 882 3284 a,
906 3231 974 3271 corr.
993 3217 1118 3272 Bocchor-

50 3289 117 3342 aa'ae
130 3289 139 3356 l
153 3292 205 3340 242
224 3303 305 3341 nosse
328 3293 346 3341 ς
370 3303 400 3340 a:
423 3303 505 3342 nosce
524 3289 631 3358 011244
649 3287 734 3342 tinxit
752 3287 882 3342 aarum:
908 3288 1020 3342 strinxit
1038 3295 1056 3341 0
1075 3308 1091 3341 a

51 3364 104 3414 248
123 3357 203 3412 uittis
222 3363 253 3411 ςε
276 3357 360 3412 uictis
383 3363 400 3410 0
419 3376 436 3410 a
449 3360 459 3427 ΙΙ
476 3363 529 3412 250
547 3358 691 3428 praecipui
710 3363 727 3410 0
745 3361 849 3482 4112251
872 3373 938 3428 epos
957 3359 1092 3414 Heinsius

51 3436 102 3486 252
123 3444 173 3485 coo
193 3433 210 3482 ς
231 3446 260 3485 a:
281 3428 351 3483 choo
371 3434 400 3496 0;
425 3430 509 3484 choro
528 3430 687 3495 Aumatium
710 3429 744 3496 cf.
792 3430 961 3484 cormacum
979 3431 1017 3485 ad
1034 3431 1056 3483 I
1111 3469 1118 3484 .

45 3518 77 3570 p.
96 3498 308 3570 1591philetes
326 3504 391 3580 ⁵0⁰·
406 3502 416 3569 u
430 3505 482 3553 264
501 3499 555 3554 tibi
573 3501 612 3555 ed.
635 3500 814 3584 Parmensis·

869 3578 939 3642 2*'
