2534 3948
139 245 202 311 132
505 243 537 299 P.
555 242 693 298 PAPlNll
712 241 835 297 STATII

136 391 229 455 Mens
253 389 352 473 uidet,
373 390 466 454 illurn
490 388 596 472 aegris
620 385 796 452 circumdat
816 387 947 451 fortiter
969 388 1055 452 ulnis

137 480 295 544 Immotas
319 479 457 544 obuersa
480 497 589 562 genas,
611 497 671 541 nec
695 475 761 540 sole
785 496 935 559 supremo

138 567 285 650 Lumina,
309 566 364 632 sed
388 566 473 630 dulci
495 566 620 630 mauult
643 565 761 628 satiare
784 563 910 629 marito.
1162 580 1206 629 175

137 656 228 720 Tunc
252 656 298 721 sie
321 657 512 720 unanimum
535 653 674 718 moriens
699 653 823 718 solatur
846 654 1026 717 amantem:

139 744 231 808 ‘Pars
255 746 383 810 animae
405 744 533 808 uictura
554 763 654 824 meae,
677 741 728 806 cui
750 741 896 825 linquere
919 763 1049 826 possem

139 832 166 898 Ο
189 833 324 917 utinam,
348 854 428 918 quos
453 832 533 896 dura
555 831 636 895 mihi
658 830 745 914 rapit
767 828 927 914 AtropOS,
951 851 1069 894 anuos:

138 921 250 1003 Parce,
272 943 393 1006 precor,
416 920 568 1004 lacrimis,
591 939 688 983 saeuo
712 939 771 983 nec
794 920 928 983 concute
950 918 1087 1002 planetu

137 1009 285 1095 Pectora,
306 1031 366 1075 nec
389 1009 496 1074 crucia
518 1008 698 1092 fugientem
721 1007 867 1091 coniugis
890 1007 1048 1072 umbram.
1162 1025 1206 1071 180

137 1096 266 1183 Linque
286 1098 434 1183 equidem
451 1098 613 1163 thalamos
632 1093 738 1182 (saluo
755 1098 867 1160 tamen
885 1094 1012 1181 ordine)
1030 1100 1175 1162 maestos

138 1186 231 1262 Quod
254 1187 355 1270 prior:
379 1186 471 1270 exegi
493 1186 594 1270 longa
615 1184 748 1268 potiora
770 1186 899 1249 senecta

139 1273 316 1359 Tempora3
339 1275 405 1338 uidi
431 1273 520 1338 omni
542 1272 667 1357 pridem
689 1277 723 1338 te
745 1272 824 1337 flore
845 1272 1013 1356 nitentem,

137 1362 215 1428 Uidi
239 1364 323 1428 altae
346 1362 480 1446 propius
503 1362 699 1446 propiusque
723 1360 872 1426 accedere
896 1360 1035 1426 dextrae.

137 1450 214 1518 Non
235 1453 270 1516 in
293 1457 327 1517 te
350 1452 436 1534 fatis,
459 1472 527 1515 non
549 1452 616 1514 iarn
641 1450 833 1515 caelestibus
856 1449 932 1513 ullis
1160 1466 1206 1514 185

138 1539 334 1605 Arbitrium:
358 1561 484 1604 mecum
506 1540 571 1604 ista
592 1539 671 1602 fero.
706 1541 744 1602 tu
766 1539 871 1602 limite
894 1542 1008 1622 coepto

139 1627 248 1693 Tende
270 1630 376 1694 libens
400 1649 591 1712 sacrumque
613 1628 699 1692 latus
723 1627 916 1712 geniumque
938 1629 1109 1709 potentem

137 1715 340 1803 Inrequietus
365 1739 446 1782 ama.
482 1737 578 1798 nunc,
601 1715 686 1801 quod
709 1715 799 1798 cupis
822 1715 892 1798 ipse
914 1715 1027 1798 iuberi,

138 1803 190 1868 Da
213 1805 396 1888 capitolinis
420 1808 586 1869 aeternum
610 1804 739 1868 sedibus
763 1825 887 1887 aurum,

138 1891 209 1968 Quo
232 1893 336 1957 niteat
360 1893 443 1957 sacri
467 1895 600 1956 centeno
624 1892 765 1976 pondere
787 1893 896 1956 uultus
1162 1909 1206 1956 190

139 1978 298 2066 Caesaris,
322 1984 354 2046 et
371 1981 520 2066 propriae
544 1981 653 2066 signes
676 1980 818 2045 cultricis
842 2001 994 2044 amorem.

139 2067 192 2134 Sic
215 2090 275 2155 ego
300 2092 360 2135 nee
382 2069 496 2135 Furias
520 2091 579 2134 nec
603 2069 762 2133 deteriora
783 2068 900 2133 uidebo
949 2090 952 2094 ·

139 2157 276 2223 Tartara
300 2163 332 2223 et
353 2158 485 2242 Elysias
508 2157 588 2222 felix
612 2157 765 2222 admittar
787 2157 821 2221 in
845 2155 940 2222 oras?

137 2245 229 2311 Haec
251 2247 330 2311 dicit
352 2247 464 2311 labens
489 2248 656 2331 sociosque
679 2245 886 2329 amplectitur
909 2247 997 2309 artus

138 2333 400 2420 Haerentemque
424 2336 567 2399 animam
589 2357 657 2399 non
679 2335 784 2398 tristis
807 2334 842 2397 in
865 2355 924 2398 ora
946 2333 1056 2398 mariti
1163 2351 1207 2398 195

137 2421 318 2488 Transtulit
342 2428 375 2487 et
396 2445 471 2488 cara
493 2424 613 2507 pressit
636 2445 694 2488 sua
716 2423 841 2487 lumina
863 2423 984 2486 dextra.

137 2509 184 2574 At
205 2512 332 2575 iuuenis
355 2533 474 2596 magno
497 2511 681 2576 flammatus
704 2514 835 2595 pectora
860 2510 950 2575 luctu

103 2641 105 2647 ι
137 2597 233 2663 Nunc
255 2600 369 2683 implet
393 2622 489 2665 saeue
512 2600 627 2664 uiduus
650 2600 790 2664 clamore
813 2603 957 2682 pacatae,

136 2684 233 2751 Nunc
255 2688 377 2752 ferrum
400 2689 509 2753 laxare
532 2689 629 2772 cupit,
651 2709 738 2752 nunc
761 2687 862 2752 ardua
883 2687 989 2750 tendit

136 2773 176 2838 In
198 2777 271 2840 loca
294 2773 363 2862 (uix
385 2777 525 2841 retinent
547 2774 705 2860 comites),
727 2797 814 2840 nunc
837 2797 892 2840 ore
914 2775 1018 2861 ligato
1159 2793 1208 2842 200

136 2862 275 2929 Incubet
298 2866 435 2930 amissae
458 2885 662 2950 mersumque
685 2864 720 2928 in
743 2865 839 2929 corde
862 2864 1007 2929 dolorem

137 2949 260 3018 Saeuus
284 2954 352 3038 alit,
375 2953 478 3039 qualis
502 2957 673 3037 conspecto
697 2952 843 3038 coniugis
866 2952 935 3038 igni

137 3165 350 3176 ---...-.-.-.

209 3309 259 3357 107
290 3305 395 3375 possim
423 3309 484 3373 ca,
512 3320 581 3360 corr.
611 3304 716 3358 Maral.
743 3305 753 3372 ΙΙ
781 3307 831 3356 181
857 3303 961 3358 mester
988 3307 1023 3355 A:
1051 3303 1140 3358 mdtic
1170 3305 1211 3358 uel

136 3373 252 3429 moestia
272 3381 289 3426 0
308 3375 398 3431 noctis
418 3380 436 3429 ς
450 3376 459 3443 ΙΙ
475 3379 524 3428 189
543 3376 586 3429 Da
605 3377 635 3429 0:
654 3375 696 3429 De
716 3379 734 3428 ς
753 3392 770 3425 a
787 3376 863 3442 {1190
882 3373 991 3429 niteant
1010 3373 1209 3444 Murmura

136 3443 229 3515 signet
248 3450 265 3497 0
287 3465 311 3514 a,
331 3447 445 3501 correxi.
466 3445 547 3514 signa
562 3446 757 3514 010νο011200
777 3443 830 3498 alit
849 3445 970 3500 Markl:
988 3442 1050 3514 agit
1063 3449 1081 3496 0
1092 3463 1111 3496 a
1126 3448 1131 3515 Ι
1149 3463 1212 3502 cen·

136 3517 233 3585 specta
251 3519 368 3586 coniuge
387 3515 478 3585 segnis
497 3521 514 3566 0
533 3534 557 3584 a,
577 3531 646 3571 corr.
665 3516 803 3571 Barthiaa
