2534 3948
151 208 217 271 114
518 208 549 264 Ρ.
568 207 708 263 PAPlNlI
727 207 847 263 STATII

153 351 265 418 Sermo
287 352 471 437 hilaresque
493 352 558 418 ioci
582 353 763 418 brumalem
786 353 955 419 absumere
978 358 1111 422 noctem

152 440 329 506 Suasenmt
350 441 543 525 mollemque
566 441 667 507 oculis
691 441 848 526 expellere
872 464 1032 528 somnum,

149 529 262 595 Donec
285 530 326 594 ab
349 527 470 613 Elysiis
492 530 660 615 prospexit
683 529 811 594 sedibus
836 530 918 595 alter
1189 549 1217 598 15

149 616 265 684 Castor
287 624 320 682 et
342 617 511 682 hesternas
535 617 609 682 risit
631 616 787 683 Tithonia
809 639 950 684 mensas.

149 705 181 770 0.
202 706 290 771 bona
312 707 391 770 nor!
414 705 587 790 iunctaque
609 707 736 770 utinam
759 704 932 790 Tirynthia
954 708 1045 772 luna!

148 792 222 859 Nox
245 798 279 858 et
299 793 492 877 Erythraeis
515 793 661 858 Thetidis
685 793 846 878 signanda
868 795 988 879 lapillis

147 880 425 948 rememoranda
448 881 502 946 diu
525 882 718 978 geniumque
741 882 894 948 habitura
916 887 1112 966 perennem!

148 969 238 1036 Mille
261 971 308 1035 ibi
330 974 409 1035 tunc
433 970 555 1053 species
580 970 726 1054 aerisque
750 971 919 1055 eborisque
942 973 1067 1038 uetusti
1188 991 1215 1040 ao

151 1058 257 1145 Atque
279 1059 445 1124 locuturas
469 1058 605 1124 mentito
629 1079 764 1142 corpore
787 1080 878 1124 ceras

148 1147 284 1213 Edidici.
317 1147 551 1232 quisnamque
575 1147 676 1212 oculis
700 1147 874 1212 certauerit
896 1169 1034 1232 usquam

150 1235 306 1320 Uindicis,
330 1233 490 1299 artificum
514 1238 640 1300 ueteres
664 1255 840 1320 agnoscere
864 1236 978 1301 ductus
1022 1261 1029 1274 ·

149 1323 194 1389 Et
216 1345 284 1388 non
305 1324 473 1406 inscriptis
497 1326 661 1388 auctorem
683 1322 815 1388 reddere
839 1323 967 1410 signis?

146 1411 209 1477 Hic
231 1413 294 1477 tibi
318 1433 400 1497 quae
423 1411 517 1478 docto
541 1413 680 1476 multum
702 1412 839 1496 uigilata
860 1410 991 1496 Myroni
1109 1481 1116 1494 ,
1187 1433 1215 1482 25

148 1499 243 1583 Aera,
265 1500 431 1566 laboriferi
453 1500 567 1564 uiuant
590 1521 672 1584 quae
694 1521 858 1566 marmora
880 1501 969 1566 caelo

146 1587 328 1670 Praxitelis,
351 1589 438 1675 quod
461 1588 540 1652 ebur
562 1587 679 1652 Pisaeo
702 1589 818 1672 pollice
841 1611 960 1668 rasum,

147 1677 240 1753 Quod
263 1676 458 1762 Polycleteis
481 1677 606 1741 iussum
630 1676 754 1760 spirare
778 1677 922 1760 ceminio,

144 1764 246 1830 Linea
269 1787 352 1850 quaa
374 1768 515 1830 ueterem
533 1765 630 1850 longe
653 1763 796 1830 fateatur
817 1764 984 1852 Apellam,

144 1851 360 1918 Monstrabit:
380 1874 520 1938 namque
538 1853 627 1937 haec,
650 1853 800 1937 quotiens
819 1852 940 1938 chelyn
959 1855 1049 1920 exuit
1068 1857 1135 1944 ille,
1187 1875 1216 1924 30

144 1939 277 2006 Desidia
300 1945 360 2025 est,
382 1941 436 2006 hio
458 1939 575 2006 Aoniis
599 1962 691 2006 emor
713 1944 830 2006 auocat
852 1943 963 2007 anuis.

144 2028 235 2095 Haec
257 2030 343 2094 inter
366 2032 474 2094 castae
498 2029 612 2114 genius
635 2029 801 2113 tutelaque
824 2051 954 2096 mensae

144 2118 455 2202 Amphitryoniades
478 2117 581 2182 multo
604 2139 676 2182 mea
700 2117 786 2203 cepit
809 2139 917 2183 amore

143 2206 281 2272 Pectora
302 2228 361 2271 nee
384 2207 482 2292 longo
507 2206 639 2271 satiauit
661 2205 785 2284 lumine
807 2206 895 2271 uisu:

144 2293 268 2360 Tantus
292 2295 398 2360 honos
423 2294 513 2378 operi
535 2293 679 2377 finesque
702 2294 827 2360 inclusa
849 2316 908 2378 per
930 2297 1019 2361 artos
1189 2315 1218 2366 ³5

143 2382 316 2448 Maiestas!
339 2383 426 2468 deus,
448 2383 503 2448 ille
527 2383 604 2446 deus
628 2401 662 2447 se
685 2404 781 2466 saepe
804 2383 960 2447 tuendum

142 2471 289 2556 Indulsit,
312 2470 462 2556 Lysippo,
485 2471 555 2555 tibi,
577 2491 760 2554 paruusque
783 2469 886 2535 uideri

144 2557 326 2644 Sentirique
349 2559 477 2644 ingens!
502 2563 535 2624 et
558 2581 631 2623 cum
654 2559 814 2624 mirabilis
838 2559 925 2624 intra

146 2646 218 2713 Stet
240 2670 391 2713 mensure
413 2648 538 2731 pedem,
561 2651 671 2712 tamen
693 2648 872 2712 exclamare
895 2647 1019 2733 libebit,

142 2734 177 2800 si
200 2736 289 2801 uisus
312 2757 371 2820 per
387 2736 538 2800 membra
560 2735 659 2801 feres:
684 2735 757 2801 ‘hoc
780 2739 910 2820 pectore
933 2758 1066 2821 pressus
1186 2759 1218 2808 to

212 3041 245 3089 13
264 3034 410 3088 absumere
430 3039 459 3086 c:
479 3049 619 3089 assumere
639 3037 656 3088 ς
676 3052 693 3086 ι
705 3034 715 3102 ΙΙ
731 3037 763 3087 18
778 3032 949 3102 Erythraeae
965 3035 1098 3106 Morietl
1116 3045 1151 3094 19
1171 3040 1221 3095 ha·

139 3105 232 3160 bitura
251 3109 281 3160 5:
301 3105 486 3174 habitumque
505 3110 522 3155 0
541 3105 581 3240 ⁸AE
599 3109 632 3158 25
651 3103 705 3159 Hic
723 3108 758 3157 A:
777 3103 836 3159 Heo
855 3106 896 3174 ῦΙΙ
915 3111 949 3160 26
968 3105 1041 3160 caeli
1060 3112 1079 3158 0
1099 3126 1128 3178 a,
1148 3126 1218 3167 cm,

139 3177 282 3230 Acontius
295 3178 305 3245 l
318 3182 352 3231 28
372 3175 452 3241 Quod
471 3178 489 3229 ς
509 3194 537 3229 ιε
582 3174 631 3229 uid
649 3177 691 3244 011
704 3181 738 3230 30
753 3174 922 3231 monstrauit
940 3181 957 3226 0
976 3195 1001 3242 a,
1020 3192 1093 3233 corr.
1109 3179 1218 3237 Gesor-

139 3247 195 3300 tius
211 3249 215 3314 l
231 3245 280 3301 ille
299 3252 316 3298 0
335 3264 365 3299 a:
384 3245 428 3300 illi
446 3245 597 3301 Gcaartios
619 3247 629 3314 ΙΙ
654 3251 687 3300 35
707 3247 783 3300 artos
801 3247 876 3302 edd:
895 3249 972 3301 artus
990 3247 1027 3299 Δ*
1046 3253 1079 3314 0;
1098 3251 1220 3318 fortasse

143 3319 296 3386 tenuesque
315 3318 335 3373 i.
353 3333 405 3386 per
423 3318 501 3371 artus
514 3317 524 3385 11
537 3323 571 3372 36
589 3317 706 3384 fortasse
723 3316 784 3386 ipse
801 3318 805 3385 Ι
821 3333 850 3371 se
865 3333 949 3386 saepe
962 3319 1080 3388 seipsi:
1099 3337 1219 3394 seseque

138 3393 196 3511 qa
220 3388 224 3455 Ι
246 3387 382 3441 tuendum
401 3387 583 3442 8333300338.-
605 3387 758 3444 uidendum
777 3392 794 3438 0
814 3389 860 3456 an
883 3394 916 3442 39
940 3388 1044 3456 pedum
1064 3396 1084 3442 0
1103 3411 1131 3462 a,
1151 3410 1221 3449 con,

167 3458 281 3513 acutius
