2444 3834
90 186 153 250 126
345 164 352 175 '
457 188 488 244 Ρ.
507 187 645 243 niuniu
664 186 785 243 srinn

610 438 636 504 Ι.

281 574 480 631 EPICEDION
497 576 539 630 IN
556 576 777 632 PRISOILLAM
795 576 960 633 UXOREM.

87 683 121 750 Si
143 707 258 751 manus
282 690 339 751 aut
363 687 482 751 similes
506 686 621 751 docilis
644 686 724 750 mihi
746 687 868 771 fingere
892 705 981 751 ceras

85 772 154 839 Aut
176 775 255 839 ebur
277 774 445 860 impressis
469 795 624 839 aurumne
647 775 791 839 animare
813 775 940 859 figuris,

84 861 180 947 Hinc,
201 861 359 948 Priscilla,
381 865 438 928 tuo
462 862 581 928 solatia
602 867 698 947 grata
721 865 839 928 marito

85 950 303 1035 Conciperem.
339 972 478 1035 namquo
502 952 633 1036 egregia
655 952 776 1035 pietate
799 953 950 1036 meretur,

84 1037 131 1104 Ut
153 1041 205 1105 uel
228 1040 366 1125 Apelleo
389 1041 499 1105 uultus
524 1040 655 1124 signata
678 1041 794 1125 colore,
980 1062 985 1072 ·
1139 1060 1154 1109 c

83 1126 239 1192 Phidiaca
262 1129 314 1193 uel
337 1131 416 1192 nata
438 1149 538 1211 manu
561 1126 694 1192 reddare
719 1129 851 1194 dolenti.

85 1214 136 1281 Sic
159 1216 284 1287 auferre
307 1216 395 1301 rogis
420 1216 569 1280 umbram
592 1220 728 1281 conatur
751 1219 922 1302 elingens

84 1302 256 1370 Certamen
279 1326 351 1369 cum
374 1308 479 1370 morte
503 1305 587 1390 gerit
610 1327 767 1390 curasque
790 1305 910 1390 fatigat

82 1393 288 1459 Artificum
279 1415 376 1478 mque
400 1392 488 1458 omni
510 1397 543 1458 te
567 1395 694 1479 quaerit
716 1415 825 1459 amare
848 1394 989 1459 metallo.

84 1479 146 1547 Sed
169 1483 318 1547 mortalis
340 1483 455 1566 honae,
479 1474 574 1567 agilis
598 1503 693 1584 quern
716 1483 829 1548 dextra
851 1484 989 1548 laborat
1120 1501 1153 1550 10

81 1567 152 1635 Nos
175 1570 246 1656 tibi,
268 1570 425 1640 laudati'
366 1570 541 1636 trunonis
565 1571 733 1636 carissima
756 1572 905 1656 coniunx,

82 1657 197 1744 Longa
219 1681 279 1725 nec
302 1660 474 1725 obscurum
497 1660 594 1724 finem
617 1660 725 1724 latura
747 1661 882 1744 perenni

81 1746 291 1831 Temptamus
315 1747 423 1812 darc
413 1750 500 1811 ruste
523 1749 603 1831 lyra
627 1747 723 1812 modo
749 1749 825 1813 dext
810 1752 860 1813 ter
883 1745 1003 1831 Apollo

81 1834 206 1920 Quique
228 1836 320 1900 uenit
342 1837 452 1901 iuncto
477 1834 558 1899 mihi
581 1857 707 1919 semper
729 1834 883 1921 Apolline
907 1835 1026 1902 Caesar

80 1925 230 1988 Annuat·
254 1923 341 1989 haud
364 1924 427 1988 alio
451 1924 567 1988 melius
591 1924 729 1989 condere
753 1926 909 2009 sepulcro.
1119 1943 1150 1993 15

81 2010 159 2077 Sera
182 2013 312 2098 quidem
334 2016 429 2078 tanto
454 2012 590 2077 struitur
613 2013 773 2078 medicina
796 2015 914 2098 dolori,

79 2100 137 2166 Alt
122 2105 193 2166 tera
216 2124 290 2167 cum
314 2101 455 2167 uolucris
479 2100 678 2166 Phoebit
626 2105 699 2166 rota
721 2105 871 2187 torqueat
894 2121 1030 2186 annum3

79 2186 142 2254 Sed
166 2212 239 2255 cum
263 2192 361 2276 plaga
383 2212 495 2255 recens
519 2195 552 2255 et
576 2190 713 2254 adhuc
703 2212 739 2254 111
761 2192 896 2255 uulnere
917 2191 1024 2273 primo

78 2278 189 2363 Aegra
211 2279 335 2363 domus,
359 2281 474 2364 questu
497 2279 616 2345 misero
643 2278 786 2363 hautquc
811 2300 958 2344 accessus
977 2279 1019 2344 ad
1038 2302 1150 2346 aurem

79 2364 234 2453 Coniugis
259 2367 379 2432 orbati:
402 2371 480 2432 tunc
503 2367 578 2431 flere
603 2371 636 2432 ct
663 2367 807 2432 scindere
830 2373 939 2433 uestes
1116 2386 1150 2435 20

77 2453 122 2520 nt
144 2455 283 2520 famulos
306 2458 429 2522 lassare
453 2477 567 2541 greges
591 2459 623 2520 et
645 2457 773 2521 uincere
795 2458 946 2540 planctus

76 2541 221 2629 Fataque
244 2548 277 2609 et
298 2545 435 2610 iniustos
458 2545 580 2609 rabidis
603 2545 732 2628 pulsare
756 2546 893 2629 querelis

76 2629 253 2698 Caelicolae
276 2634 422 2699 solamen
444 2635 522 2698 crat.
559 2633 634 2698 licei
656 2635 727 2716 ipse
750 2633 904 2698 leuandus

76 2719 128 2784 Ad
152 2721 291 2806 gemitus
314 2722 405 2787 siluis
428 2722 601 2787 comitatus
625 2725 658 2785 et
680 2721 830 2787 amnibus
854 2720 1002 2806 Orpheus

75 2807 202 2875 Afforet
225 2813 322 2894 atque
348 2811 454 2876 omnis
477 2811 599 2893 pariter
622 2813 796 2875 matertera
817 2814 935 2893 uatem,
1111 2792 1165 2878 25Ιχ

75 2896 188 2964 Omnis
212 2898 404 2982 Apollineus
427 2902 551 2983 tegeret
569 2897 752 2982 Bacchique
777 2898 941 2964 sacerdos:

145 3163 165 3215 l
201 3163 326 3218 Titulcia
348 3162 412 3216 dedi
433 3177 467 3216 cu
493 3167 571 3230 ³⁰3
597 3161 682 3215 Prisc
706 3160 860 3215 Abascanti
883 3167 1049 3232 uxorema,
1077 3165 1142 3231 sort

74 3234 173 3286 rectius
195 3234 205 3300 11
228 3239 243 3287 9
263 3234 373 3303 quaerit
391 3233 495 3287 habers
514 3233 620 3288 Marici.
639 3233 648 3301 11
668 3237 699 3286 11
720 3232 863 3286 rarissima
882 3237 899 3283 c
919 3249 943 3301 a,
962 3248 1031 3288 corr.
1052 3237 1143 3306 ς117

73 3303 216 3358 uolucrem
235 3304 339 3359 Marti
355 3305 412 3372 119
431 3303 524 3373 Aegra
537 3304 685 3359 Heinsius:
703 3302 792 3372 Nigra
811 3308 860 3355 cc
874 3305 879 3370 1
895 3303 997 3358 misero
1016 3304 1143 3374 hautque

72 3376 187 3444 scripsi:
220 3374 407 3443 miseramque
431 3380 449 3425 0
473 3393 489 3426 a
511 3376 521 3444 1
544 3380 579 3429 20
603 3378 670 3431 tunc
695 3379 713 3424 0
738 3377 769 3428 ςε
792 3391 866 3428 nunc
890 3393 907 3426 c
934 3376 944 3443 1
971 3381 1003 3430 21
1027 3375 1146 3447 iungere

65 3445 202 3512 planctus
224 3445 360 3501 Heinsius
