2534 3960
131 254 179 290 ιιι
463 231 634 290 EDITORIS
652 231 871 290 PRAEFATIO.

137 377 286 460 ‘fluctus',
307 398 403 444 nemo
424 376 528 444 adhuc
547 377 697 461 exposuit
714 381 903 461 exponetua
930 377 1082 462 rescripsi
1100 376 1204 444 ‘Luci-

133 467 196 534 bus
220 464 384 550 occiduis',
412 465 499 550 quod
527 486 601 530 cum
627 465 684 530 illo
712 464 874 551 ‘fessoque
896 464 1100 550 Hyperione’
1129 489 1202 533 con·

133 555 279 620 iunctum
312 557 362 620 est
392 575 451 638 per
481 553 620 639 figuram
652 575 749 638 quam
775 556 894 622 uocant
926 553 964 618 ἓν
997 549 1054 620 διὰ
1087 554 1203 632 ducem

132 643 283 710 similiter
315 642 415 708 habes
438 640 471 706 Π
495 642 526 724 2,
548 641 593 710 45
625 640 717 708 ‘haec
749 641 864 708 domus
895 647 981 708 orius
1010 641 1140 742 Aspicit
1171 649 1204 709 et

132 731 249 798 Phoebi
272 735 407 796 teneros
428 727 541 798 iubar'.

224 819 374 888 Alterum
412 817 452 884 de
489 839 553 903 quo
592 819 759 886 locuturus
796 839 869 885 sum
901 819 1083 904 exemplum
1115 823 1205 886 extat

132 906 204 972 silu.
226 906 277 972 ΠΙ
299 907 330 991 5,
353 908 406 992 60,
427 907 484 972 ubi
505 906 663 990 praebent
685 906 792 974 codd:

303 1045 341 1100 Et
360 1060 433 1100 nuuc
451 1043 503 1099 illa
520 1045 599 1100 tenet
616 1043 702 1100 uiduo
721 1045 797 1116 quod
815 1045 876 1102 sola
894 1045 988 1104 cubili.

134 1171 198 1236 boc
221 1192 294 1236 cum
317 1171 495 1238 anteriores
518 1173 700 1239 mutassent
721 1169 757 1235 in
780 1170 924 1237 ‘uiduam
937 1207 982 1218 -
995 1170 1122 1251 cubile',
1145 1195 1203 1238 nu·

134 1259 274 1343 perrime
297 1259 383 1324 idom
401 1258 557 1325 Imhofius
574 1258 795 1344 reponendum
814 1259 873 1342 ait3
896 1259 989 1325 illum
1008 1260 1094 1326 enim
1112 1261 1203 1325 uerbi

136 1346 279 1413 ‘tenore'
308 1369 403 1414 usum
432 1347 607 1431 repetitum
635 1368 705 1411 esse
729 1369 767 1411 ex
789 1369 824 1412 re
847 1348 992 1413 militari.
1038 1348 1094 1413 sed
1116 1349 1203 1433 quod

133 1438 210 1501 ante
234 1435 343 1500 omnia
366 1435 494 1503 ostendi
522 1435 646 1518 debuit,
672 1435 869 1501 translatum
898 1457 968 1502 esse
995 1435 1081 1502 hunc
1109 1458 1203 1502 usum

134 1523 249 1589 adres
274 1524 463 1608 amatorias,
487 1545 556 1589 non
583 1522 725 1589 ostendit
747 1545 788 1588 ex
810 1544 907 1590 causa
927 1524 1107 1608 perspicua
1142 1548 1202 1592 nec

134 1612 221 1678 enim
240 1613 324 1678 ullus
348 1612 487 1697 scriptor
508 1611 675 1678 Romame
692 1615 761 1678 tam
778 1613 910 1697 ineptus
928 1612 1046 1678 faitut
1063 1613 1204 1697 puellam

133 1700 170 1766 in
193 1700 291 1765 cubili
313 1701 471 1767 iacentem
494 1703 696 1784 compararet
717 1722 791 1766 cum
814 1701 956 1766 exercitu
978 1701 1134 1768 castrisue
1156 1703 1203 1769 lo·

133 1809 208 1854 eum
238 1789 380 1874 aliquem
406 1787 602 1854 tenentibus.
642 1789 733 1854 nullo
757 1792 865 1854 autem
888 1788 985 1854 modo
1007 1789 1121 1872 claret,
1148 1811 1205 1856 cur

140 1874 264 1942 Statius
287 1876 350 1944 hoc
373 1876 503 1962 quidem
526 1876 597 1942 loco
619 1877 790 1944 recesserit
813 1899 833 1942 a
855 1879 1009 1949 consueto
1032 1877 1137 1962 poetis
1159 1878 1206 1944 la·

134 1964 214 2032 tinia
238 1965 365 2032 dicendi
392 1988 454 2032 usu
482 1962 680 2050 dederitque:
714 1965 763 2030 ‘et
793 1985 879 2030 nunc
910 1964 968 2030 illa
1000 1970 1076 2049 tepet
1105 1966 1203 2032 uiduo

137 2053 222 2137 quod
246 2055 315 2120 sola
339 2053 462 2138 cubili'3
486 2053 526 2118 cf.
546 2051 662 2120 Oatull
680 2055 734 2137 68,
756 2055 798 2122 29
819 2053 949 2138 ‘frigida
971 2053 1098 2120 deserto
1117 2057 1206 2139 tepe-

138 2141 241 2208 factet
262 2143 409 2211 membra
431 2140 551 2226 cubili',
573 2142 692 2208 Tibull
714 2141 730 2208 I
754 2143 783 2226 8,
807 2141 860 2225 39,
881 2139 1027 2226 Propert
1049 2141 1097 2208 IV
1122 2144 1151 2226 7,
1175 2144 1206 2226 6,

135 2228 228 2296 Ouid.
252 2253 313 2296 am.
335 2228 386 2296 ΠΙ
408 2229 439 2309 5,
461 2230 505 2294 42
528 2229 656 2314 aliaque
678 2231 741 2296 hoc
764 2251 866 2315 genus
889 2230 1001 2296 multa.

224 2316 287 2384 Sed
313 2341 387 2387 cum
408 2318 496 2384 baud
523 2339 626 2402 pauca
649 2319 815 2402 supersint
837 2319 983 2402 exempla
1011 2318 1052 2386 ad
1074 2318 1205 2384 demon-

135 2407 304 2472 strandam
334 2406 612 2492 interpretationis
638 2407 734 2474 hodie
765 2429 786 2471 a
816 2407 982 2473 nonnullis
1010 2407 1203 2480 exercitatae

135 2496 383 2579 peruersitatem
407 2495 489 2583 (alia
511 2496 669 2561 nonnulla
696 2495 842 2562 dedimus
869 2493 904 2560 in
922 2517 1003 2562 mus.
1021 2495 1124 2562 Rhen.
1143 2495 1164 2560 l.
1182 2496 1203 2560 l.

135 2605 188 2667 pp.
206 2582 406 2672 soc-258),
424 2583 533 2669 placet
559 2583 668 2668 potius
696 2583 732 2647 in
760 2583 946 2648 uniuersum
977 2584 1115 2667 paucula
1137 2583 1203 2649 dis·

135 2674 248 2756 putare
272 2672 310 2737 de
333 2672 440 2758 poesis
464 2669 631 2738 Statianae
654 2669 762 2736 indole
786 2673 882 2756 atque
905 2674 1033 2740 natura.

226 2759 350 2828 Statius
374 2760 460 2846 quod
483 2760 553 2844 ipse
571 2781 644 2827 cam
658 2781 722 2844 qua
736 2760 865 2845 singula
878 2759 1034 2826 siluarum
1049 2760 1204 2844 opuscula

134 2848 280 2934 profudit
307 2849 505 2916 celeritatem
531 2851 601 2913 tam
629 2869 725 2932 saepe
748 2852 879 2934 tamque
901 2849 1039 2914 uerbosa
1062 2869 1201 2914 comme·

135 2939 250 3021 morat,
273 2941 396 3004 certum
418 2936 564 3022 sequitur
585 2937 764 3004 consilium.
800 2955 873 3004 cum
891 2936 978 3003 enim
995 2955 1063 3002 non
1080 2941 1205 3002 careret

135 3025 297 3092 maliuolis
324 3026 507 3110 inuidiaque
534 3024 821 3108 obtrectatoribus,
851 3047 871 3090 a
899 3025 1017 3110 quibus
1049 3025 1204 3110 carpendi

136 3114 305 3180 materiam
328 3135 367 3179 ex
388 3114 507 3180 libellis
529 3112 596 3178 illis
618 3113 713 3180 facile
736 3113 804 3198 peti
825 3127 922 3197 posse
945 3112 1118 3198 praeridit,
1146 3113 1205 3179 ho-

136 3224 208 3270 rum
241 3202 502 3268 cauillationibus
534 3201 666 3268 obuiam
697 3202 744 3268 ire
777 3202 902 3268 studuit
930 3202 1107 3268 celeritatis
1139 3201 1204 3267 ista

135 3290 339 3357 confessione
362 3289 529 3356 itentidem
552 3290 699 3375 repetita.
739 3311 843 3375 neque
867 3290 953 3356 enim
975 3291 1109 3375 ignarus
1133 3294 1204 3355 erat

136 3401 248 3445 eorum
277 3400 360 3464 quae
396 3378 432 3444 in
462 3377 555 3464 poesi
587 3399 647 3444 sua
678 3379 784 3445 iustae
816 3379 1059 3464 reprehensioni
1095 3381 1204 3444 esseut

134 3467 287 3534 obnoxia.
336 3467 586 3551 extemporalem
614 3467 781 3534 audaciam
807 3466 951 3542 Romani,
978 3467 1205 3534 tantummodo
