2534 3948
275 284 278 290 .
411 231 597 310 suerrum
615 232 647 288 1.
667 232 714 302 iv,
733 239 757 288 4.

556 463 612 529 IV.
980 515 982 522 ,

210 584 392 640 EPISTOLA
413 585 464 639 AD
487 583 692 640 UICTORIUM
717 585 954 640 mancatum.

47 712 151 780 Curre
173 733 232 796 per
254 710 417 776 Euboicos
440 732 509 775 non
528 710 647 796 segnis,
670 711 818 795 epistola,
841 733 982 796 campos,

46 801 120 866 Hae
137 801 287 886 ingressa
309 799 388 884 uias,
411 820 474 882 qua
493 799 615 872 nobilis
638 799 747 885 Appia
770 795 889 865 erescit

46 889 88 955 In
113 889 199 953 latus
222 892 256 953 et
277 887 390 953 molles
414 887 536 952 solidus
559 887 677 971 premit
701 908 802 974 agger
825 910 949 954 arenas.

46 977 157 1061 Atque
179 977 236 1043 ubi
259 975 434 1042 Romuleas
457 976 552 1040 uelox
573 977 795 1059 penetraueris
820 999 918 1061 arses,

46 1063 213 1130 Continuo
237 1064 364 1128 dextras
387 1063 464 1128 flaui
485 1065 559 1148 pete
584 1063 758 1148 Thybridis
782 1087 865 1148 oras,
1097 1081 1113 1130 5

45 1153 154 1238 Lydia
177 1175 241 1238 qua
263 1153 392 1237 penitus
416 1155 568 1236 stagnum
590 1152 707 1217 nauale
731 1152 880 1219 cohercet
922 1149 925 1156 ⁴

45 1242 135 1325 Ripa
157 1241 410 1325 suburbanisque
428 1239 548 1306 uadum
570 1241 769 1324 praetexitur
791 1241 903 1329 hortis.

45 1329 120 1394 Illic
144 1330 309 1416 egregium
331 1329 499 1413 formaque
524 1328 703 1414 animisque
727 1330 851 1396 uidebis
1052 1399 1055 1404 ,

13 1421 17 1428 ’
45 1417 237 1493 Marcellum
261 1421 294 1484 et
317 1418 402 1484 eelso
424 1417 631 1504 praesignem
654 1418 776 1488 uertice
798 1440 921 1483 nosses.
1039 1415 1041 1420 ’

46 1505 110 1572 (lui
132 1507 273 1591 primurn
296 1505 392 1571 solito
415 1505 506 1591 uulgi
529 1505 567 1570 de
590 1528 679 1571 more
704 1506 851 1585 salutem,
1081 1523 1114 1570 10

45 1595 126 1660 Mox
148 1595 274 1659 inolusa
296 1591 400 1658 modis
423 1594 504 1658 haee
526 1593 658 1658 reddere
681 1595 781 1660 uerba
803 1598 980 1661 memento:

48 1683 134 1748 ‘Iam
150 1687 255 1748 terras
278 1684 505 1768 uolueremque
527 1683 639 1766 polum
662 1683 741 1768 fuga
759 1683 844 1748 ueris
868 1683 982 1769 aquosi

46 1771 155 1836 Laxat
177 1775 210 1836 et
231 1770 346 1836 Icariis
365 1771 489 1838 eaelum
512 1769 686 1836 latratibus
710 1772 788 1856 urit3

45 1859 161 1934 Ardua
182 1861 249 1924 iam
272 1859 389 1926 densae
411 1863 579 1925 rarescunt
601 1861 728 1925 moenia
750 1860 883 1928 Romae.

45 1948 119 2015 Hos
141 1948 313 2016 Praeneste
337 1971 472 2034 sacrum,
494 1970 608 2014 nemus
630 1948 692 2016 hos
716 1949 851 2034 glaciale
874 1948 1012 2032 Dianae,
1081 1963 1114 2012 15

45 2037 187 2123 Algidus
211 2040 267 2102 aut
289 2038 424 2103 horrens
448 2040 504 2102 aut
526 2035 667 2103 Tuscula
688 2038 831 2122 protegit
853 2037 981 2121 umbra,

44 2127 177 2192 Tiburis
199 2126 235 2191 hi
257 2127 348 2192 lueos
371 2126 562 2213 Anienaque
584 2126 710 2212 frigora
733 2128 874 2210 captant.
979 2121 986 2129 ”

45 2214 93 2279 Te
119 2237 244 2300 qnoque
268 2215 430 2280 clamosae
453 2237 612 2300 quaenam
634 2216 733 2301 plaga
755 2214 865 2281 mitior
887 2215 960 2280 urbi

45 2302 241 2378 Subtrahit?
277 2303 421 2370 aestiuos
440 2325 504 2388 quo
527 2303 647 2388 decipis
672 2325 744 2368 aere
769 2303 874 2369 soles?

45 2392 133 2469 Quid
155 2396 231 2457 tuus
255 2395 330 2457 ante
354 2392 468 2476 omnis,
490 2395 548 2456 tua
566 2414 643 2457 eura
665 2392 844 2477 potissima,
867 2389 1005 2474 Gallus
1078 2407 1111 2455 20

44 2480 117 2546 Neo
139 2484 340 2546 nonnoster
359 2502 451 2547 amor
474 2477 621 2567 (dubium
644 2503 811 2547 morumne
833 2480 1020 2566 probandus

44 2569 218 2654 Ingeniine
240 2567 351 2653 bonis)
375 2568 477 2634 Latiis
501 2569 640 2634 aestiuat
662 2569 698 2634 in
723 2568 811 2635 oris?
908 2653 910 2658 ι

44 2659 145 2722 Anne
168 2657 378 2722 metalliferae
400 2657 519 2742 repetit
541 2657 607 2722 iam
629 2657 758 2723 moenia
780 2656 892 2722 Lun'ae

46 2745 298 2831 Tyrrhenasque
322 2743 457 2810 domos?
481 2745 567 2831 quod
591 2745 618 2810 si
640 2746 702 2810 tibi
723 2745 889 2830 proximus
913 2746 1034 2830 haeret,

44 2832 124 2898 Non
148 2854 208 2918 ego
231 2855 317 2899 nuno
335 2837 444 2899 uestro
467 2834 580 2918 procul
603 2857 622 2898 a
641 2855 789 2900 sermone
811 2834 940 2918 reced03
1080 2849 1113 2900 25

45 2920 181 2987 Certum
204 2925 264 3006 est,
286 2921 360 2986 inde
385 2944 484 2988 sonus
508 2923 654 3009 geminas
678 2921 757 2988 mihi
780 2923 893 2987 eireuit
916 2944 1019 2988 aures.

46 3009 110 3076 Sed
132 3013 179 3094 tu,
201 3010 278 3074 dum
300 3010 400 3075 nimio
424 3032 574 3095 possessa
596 3009 785 3094 Hyperione
807 3010 926 3096 flagrat

118 3325 169 3392 1111
187 3295 312 3380 Titum
329 3327 370 3380 sic
387 3327 486 3381 uatem
503 3330 527 3378 Δ
546 3327 616 3396 oue
634 3324 697 3379 Illic
717 3330 735 3380 ς
754 3342 783 3379 a:
802 3324 853 3380 me
872 3330 890 3377 e
917 3327 974 3394 1110
993 3323 1114 3395 primam

46 3402 63 3448 c
82 3414 108 3464 a,
128 3411 198 3451 corr.
218 3398 307 3466 §1113
326 3395 477 3452 latratibus
496 3401 513 3451 ς
532 3415 560 3451 a:
580 3395 749 3451 Intrantibus
767 3397 808 3466 cll
824 3401 855 3450 1⁵1
870 3396 1025 3466 anienaque
1045 3400 1063 3450 ς
1082 3413 1112 3448 a:

45 3482 205 3536 amenaque
223 3469 311 3537 111118
330 3467 425 3522 malim
443 3485 510 3523 num
529 3484 600 3537 quae
614 3468 624 3536 ΙΙ
638 3471 671 3521 22
691 3466 835 3538 Ingeniine
852 3471 888 3520 A:
907 3465 1052 3536 Ingeniine
1070 3471 1088 3516 11
