2534 3960
444 226 631 282 snusaun
648 225 679 280 n.
698 225 719 294 1,
739 231 762 279 1.

78 373 188 440 Fluxit
211 373 314 458 opus?
339 371 454 438 Siculis
478 393 521 435 an
544 371 746 436 conformata
769 369 903 433 caminis

77 461 213 549 Effigies
235 465 357 527 lassum
381 459 548 544 Steropem
570 459 788 542 Brontemque
810 457 962 542 reliquit?

78 550 188 616 Ante
210 549 376 616 Palladiae
397 550 506 632 talem,
529 547 732 630 Germanice,
754 546 848 610 nobis
1124 561 1140 612 5

78 639 241 704 Effluxere
264 659 390 722 manus,
414 639 542 722 qualem
565 636 661 702 modo
683 635 777 700 frena
799 637 964 698 tenentem

77 727 211 792 Rhenus
235 731 268 792 et
292 727 422 792 attoniti
444 725 527 790 uidit
549 725 662 789 domus
686 724 786 787 ardua
807 721 910 788 Daci?

77 814 173 881 Nunc
197 836 257 900 age
279 815 369 879 fama
390 815 479 897 prior
501 817 615 878 notum
637 833 694 896 per
717 813 844 876 saecula
866 833 986 876 nomen

75 903 232 968 Dardanii
254 904 388 968 miretur
410 903 492 986 equi,
515 902 567 964 cui
589 902 708 965 uertice
731 921 822 966 sacro
942 971 947 977 ,

76 991 266 1076 Dindymon
289 994 321 1056 et
344 991 445 1055 caesis
469 989 611 1054 decreuit
636 988 805 1053 frondibus
828 987 893 1052 Ide.
1108 1005 1142 1054 ιο

76 1079 172 1144 Hunc
194 1101 299 1164 neque
322 1078 464 1143 discissis
488 1079 649 1162 cepissent
670 1077 830 1161 Pergama
852 1077 968 1160 muris3

75 1167 146 1232 Nec
169 1189 267 1253 grege
289 1169 449 1252 permixto
472 1167 564 1250 pueri
585 1167 803 1250 innuptaeque
825 1166 965 1250 puellae,

76 1255 152 1339 Ipse
173 1278 233 1320 nec
254 1256 382 1322 Aeneas
404 1277 464 1320 nec
486 1275 623 1339 maguus
646 1253 933 1326 duceretHecton

77 1344 170 1408 Adde
195 1345 281 1428 quod
303 1345 357 1408 illc
380 1363 501 1408 nocens
525 1363 705 1427 saeuosque
728 1343 895 1425 amplexus
918 1341 1076 1426 Achiuos,

76 1432 175 1497 Hunc
197 1433 284 1496 mitis
308 1432 514 1497 commendat
536 1453 642 1516 eques.
687 1431 780 1495 iuuat
802 1452 860 1495 ora
881 1431 966 1494 tueri
1109 1445 1142 1494 15

64 1520 181 1589 ¹Minta
203 1522 289 1586 notis
312 1520 390 1584 belli
412 1518 634 1603 placidamque
657 1519 802 1600 gerentia
823 1539 944 1602 pacem.

75 1607 146 1673 Nec
169 1608 254 1672 ueris
278 1608 402 1672 maiora
424 1611 532 1690 putes:
555 1628 615 1690 par
636 1605 742 1671 forma
764 1606 930 1690 decorque,

73 1697 140 1760 Par
162 1696 274 1760 honor.
320 1717 359 1760 ex
381 1695 483 1758 uastis
506 1693 645 1758 Martem
667 1716 735 1759 non
758 1695 854 1758 altius
877 1693 975 1758 armis

74 1784 244 1849 Bistonius
267 1787 377 1868 portat
400 1783 529 1866 sonipes
552 1803 735 1867 magnoque
758 1783 903 1866 superbit

74 1873 222 1938 Pondere
245 1872 420 1936 nectardo
443 1873 555 1955 raptus
578 1892 679 1955 prope
701 1871 834 1935 flumina
852 1892 947 1936 cursu
1108 1889 1141 1936 20

74 1960 196 2025 Fumat
218 1964 251 2025 et
272 1960 399 2044 ingenti
421 1960 572 2043 propellit
595 1957 770 2044 Strymona
793 1959 880 2023 flatu.

74 2049 141 2112 Par
164 2049 253 2132 operi
276 2049 375 2113 sedes.
420 2047 495 2112 hinc
518 2048 616 2112 obuia
637 2048 750 2111 limina
772 2047 893 2131 pandit,

76 2136 140 2212 Qui
163 2136 268 2202 fessus
291 2137 386 2202 bellis
410 2136 551 2200 adscitae
574 2157 707 2200 munere
730 2136 831 2219 prolis

74 2225 204 2289 Primus
227 2226 289 2289 iter
312 2224 433 2289 nostris
457 2224 599 2288 ostendit
621 2224 655 2288 in
679 2223 809 2288 aethera
833 2224 924 2290 diuis.

40 2321 45 2328 '
74 2313 220 2377 Discitur
244 2336 261 2377 e
284 2315 385 2395 uultu,
409 2316 567 2396 quantum
589 2315 626 2376 tu
648 2313 758 2377 mitior
781 2313 893 2396 armis,
1108 2331 1141 2378 25

76 2401 140 2476 Qui
162 2422 221 2465 neo
243 2403 279 2464 in
302 2405 450 2466 externos
472 2401 577 2464 facilis
601 2401 723 2464 saeuire
746 2400 871 2465 timores

74 2489 143 2554 Das
168 2487 271 2554 cauis
295 2487 456 2574 Dacisque
481 2489 586 2553 fidem.
631 2493 663 2552 te
691 2490 785 2574 signa
807 2490 929 2552 ferente

74 2578 121 2643 Et
143 2578 249 2642 minor
271 2579 306 2642 in
328 2580 416 2663 leges
439 2577 502 2641 iret
524 2598 622 2662 gener
645 2581 678 2642 et
700 2575 781 2642 Cato
804 2577 902 2661 pacis.

75 2667 124 2730 At
145 2667 284 2730 laterum
306 2689 422 2750 passus
445 2665 522 2730 hinc
543 2665 627 2730 Iulia
649 2670 735 2730 tecta
756 2669 899 2748 tuentur,

75 2754 172 2819 Illinc
194 2755 339 2838 belligeri
363 2754 510 2818 sublimis
532 2755 623 2838 regia
644 2753 747 2818 Pauli.
1108 2772 1142 2820 30

75 2842 184 2926 Terga
206 2846 299 2925 pater
321 2841 505 2925 blandoque
527 2842 616 2906 uidet
638 2839 819 2906 Concordia
841 2842 942 2906 uultu.

74 2931 151 3014 Ipse
174 2933 283 2994 autem
305 2952 387 3015 puro
411 2929 531 2994 celsum
554 2934 651 3014 caput
674 2951 746 2996 aere
771 2934 901 3014 saeptus

149 3197 183 3246 10
207 3191 256 3246 Ide
278 3195 314 3244 A:
336 3189 402 3245 iden
426 3193 522 3260 01111
543 3191 676 3246 discussis
695 3195 737 3262 ςΙΙ
752 3199 784 3248 18
804 3209 839 3247 ox
857 3192 944 3246 uastis
961 3193 1075 3261 scripsi:
1096 3209 1142 3248 ex-

74 3261 185 3318 haustis
208 3267 256 3314 os
278 3261 368 3316 exutis
391 3261 527 3316 Heinsius
543 3263 554 3330 q
573 3267 608 3315 20
631 3279 683 3317 nec
705 3266 786 3318 tanto
807 3265 904 3332 raptus
922 3259 1072 3318 decoctius
1084 3265 1095 3333 ΙΙ
1108 3269 1142 3318 23

74 3333 201 3389 adscitae
221 3338 251 3388 ςε
270 3333 401 3388 adsertae
421 3333 474 3401 (itu
491 3334 517 3398 a)
533 3333 581 3408 uel
598 3331 727 3388 adsertae
746 3336 838 3404 01125
857 3333 982 3388 Discitur
998 3338 1034 3387 A:
1053 3333 1144 3388 Discit

75 3407 105 3459 et
124 3405 165 3473 cu
178 3409 213 3458 27
233 3403 323 3458 Cattis
342 3408 373 3458 5:
393 3401 483 3471 captis
502 3407 546 3454 ca
558 3405 568 3471 l
582 3408 616 3458 28
635 3403 711 3473 pacis
728 3407 829 3474 cuipas·
847 3406 864 3459 l.
879 3405 897 3459 l.
907 3421 937 3473 p.
952 3408 1027 3461 252.-
1046 3403 1144 3459 castris

76 3482 120 3528 ca
137 3474 227 3529 iustas
247 3474 365 3529 Orucsus
383 3475 477 3528 castus
494 3473 656 3528 Bassianus
