2534 3960
129 274 199 310 xvru
476 253 646 328 EDITORIS
664 253 881 309 PRAEFATIO.

131 401 292 486 processit
320 397 451 464 Statius.
497 399 588 464 uerbi
617 399 723 483 gratia
752 400 823 465 silu.
845 399 895 465 HI
919 400 948 481 5,
971 401 1013 465 48
1044 399 1130 464 inter
1157 399 1203 464 f-

132 491 237 554 minas
252 489 340 554 dorni
360 511 380 552 a
399 488 524 553 maritis
540 510 573 552 se
587 488 715 552 relictas
730 488 876 553 dolentes
890 488 1053 553 habentur
1066 486 1202 574 Aegiale

130 582 164 645 et
186 578 360 662 Meliboea,
388 578 427 642 de
454 599 590 662 quarum
613 577 670 641 illa
693 577 789 660 plane
813 577 974 643 contraria
997 581 1132 642 narrant
1154 578 1200 642 fa-

130 669 240 747 bulas,
269 666 349 730 haec
376 667 470 731 nobis
501 669 586 730 certe
613 666 727 750 ignota
750 669 808 731 est.
854 666 944 731 uides
973 667 1050 751 quid
1072 667 1121 730 rei
1144 667 1202 731 sit:
1262 683 1263 690 ¹

130 781 219 823 mera
247 757 383 821 nomina
410 755 520 838 posuit
548 758 645 838 poeta
672 755 920 839 nominibusque
945 756 1111 839 imponere
1135 758 1202 820 stu-

131 847 208 911 duit.
256 850 312 909 aut
340 865 413 908 cum
440 843 618 908 Domitiani
646 865 764 928 equum
798 866 870 912 cum
898 843 1038 910 Troiano
1072 866 1201 928 compa-

129 959 207 1002 rans
229 934 246 1000 Ι
272 935 299 1019 1,
326 933 363 998 ll
390 954 459 1017 sqq.
483 932 648 998 scriberet:

273 1111 354 1164 Hunc
369 1099 464 1177 ireque
483 1106 606 1163 discissis
626 1108 764 1178 cepissent
782 1109 919 1178 Pergama
938 1108 1033 1177 muris,

272 1182 332 1236 Nec
349 1196 435 1250 grege
453 1178 592 1250 permixto
609 1180 691 1248 pueri
708 1179 900 1250 innuptaeque
918 1180 1044 1250 puellae,

274 1255 338 1324 Ipse
357 1268 409 1307 nec
427 1250 536 1307 Aeneas
555 1266 606 1306 nec
625 1268 743 1322 magnus
762 1252 876 1307 duceret
893 1251 1005 1320 Hector,

131 1439 195 1502 qua
218 1416 285 1502 egit
308 1414 525 1498 festinatione,
549 1414 668 1479 oblitus
692 1417 742 1479 est
760 1413 933 1480 Hectorem
952 1418 1022 1480 tum
1045 1418 1202 1499 temporis

131 1504 252 1570 dudum
271 1505 356 1569 inter
369 1505 516 1569 mortuos
534 1500 685 1588 fuisse*).
713 1504 785 1568 aliis
801 1526 928 1588 quoque
948 1504 1103 1568 siluarum
1122 1506 1202 1571 locis

131 1595 252 1678 multis,
276 1593 333 1658 ubi
348 1593 443 1657 altius
459 1592 701 1676 introspicimus
715 1613 819 1678 neque
833 1593 1006 1657 uerborum
1020 1615 1081 1657 nos
1096 1596 1203 1659 sonitu

132 1684 266 1748 deleniri
298 1683 453 1766 patimur,
484 1684 643 1766 apparatu
675 1682 731 1746 illo
765 1681 984 1767 mythologioo
1017 1704 1084 1746 non
1115 1687 1202 1748 recte

131 1773 275 1837 adhibito
306 1770 508 1853 offendimur,
537 1769 844 1854 offendebanturque
874 1770 942 1835 sine
966 1771 1063 1836 dubio
1087 1793 1125 1835 ex
1148 1794 1203 1836 ue·

130 1862 252 1926 teribus
276 1861 380 1924 multi.
417 1859 496 1923 haec
520 1858 621 1944 igitur
643 1859 804 1942 patienter
838 1859 972 1924 ferenda
995 1863 1127 1924 suntet
1151 1883 1203 1924 ex-

131 1950 273 2016 cusanda
288 1971 327 2014 ex
347 1948 410 2012 ista
425 1947 585 2013 scribendi
600 1947 772 2013 celeritate.
807 1949 979 2032 eademque
994 1948 1204 2034 neglegentia

130 2041 165 2104 in
188 2039 259 2104 aliis
284 2059 409 2122 quoque
433 2037 543 2121 rebus,
571 2037 708 2100 maxime
737 2059 819 2122 quae
844 2036 884 2102 ad
912 2037 1092 2102 carminum
1116 2061 1203 2104 com·

131 2128 327 2214 positionem
351 2127 500 2210 attinent,
524 2125 675 2190 cernitur.

219 2216 429 2281 Peruenimus
453 2213 642 2280 addicendi
665 2234 778 2300 genus.
815 2218 886 2280 erat
910 2213 1034 2280 Statius
1058 2238 1203 2282 summus

131 2328 284 2372 uersuum
313 2303 534 2370 faciendorum
562 2303 686 2368 artifex.
732 2326 771 2368 ex
799 2303 928 2368 assidua
955 2304 1093 2370 lectione
1121 2303 1204 2389 (fere

132 2416 244 2461 omnes
282 2417 361 2478 quos
400 2393 528 2477 quidem
561 2393 711 2458 nouimus
747 2397 862 2478 poetas
893 2391 1060 2458 Romanos
1097 2394 1204 2478 magis

132 2485 280 2550 minusue
313 2486 427 2568 aperta
457 2481 637 2546 imitatione
666 2479 836 2568 expressit)
859 2481 947 2546 bona
974 2485 1006 2545 et
1033 2480 1142 2545 indole
1170 2486 1205 2546 et

132 2572 289 2639 memoria
308 2573 435 2640 adiutus
458 2571 492 2635 id
515 2569 684 2634 adsecutus
709 2574 786 2634 erat*
798 2574 835 2634 ut
853 2571 942 2635 nullo
961 2571 1072 2634 labore
1090 2593 1204 2635 uersus

132 2663 281 2727 funderet
310 2663 409 2746 utque
437 2659 594 2724 dictiones
622 2657 765 2742 poeticas
794 2681 813 2722 a
840 2659 1001 2743 prioribus
1028 2663 1204 2742 usurpatas

133 2774 201 2816 non
225 2755 393 2835 tamquam
418 2771 537 2832 seruus,
561 2748 617 2812 sed
640 2751 677 2812 ut
699 2768 755 2812 rex
779 2750 874 2831 atque
898 2747 1048 2813 dominus
1072 2749 1107 2812 in
1130 2770 1204 2831 pro-

131 2841 238 2926 prium
272 2839 440 2904 adhiberet
471 2860 574 2902 usum.
626 2836 681 2900 sed
714 2858 787 2902 cum
820 2837 855 2901 in
883 2836 1049 2903 Thebaide
1082 2837 1206 2920 partim

133 2929 227 3016 quasi
251 2928 412 3013 quoddam
433 2930 594 2992 certamen
614 2925 711 2989 iniret
734 2948 807 2990 oum
831 2925 1047 2990 anterioribus
1071 2926 1205 2990 horum-

132 3040 192 3105 que
220 3017 308 3082 dicta
335 3015 452 3081 callide
481 3019 514 3080 et
536 3014 708 3080 artificioso
732 3015 927 3098 imitaretur,
955 3014 1074 3098 partim
1098 3035 1205 3080 nouas

61 3155 68 3164 -
132 3106 323 3194 procuderet
351 3105 518 3191 dictiones,
546 3106 659 3170 contra
687 3103 722 3167 in
751 3104 842 3168 siluis
870 3105 976 3190 magis
1004 3103 1100 3168 tritas
1128 3103 1207 3168 iniit

132 3287 371 3300 .-.....—----

203 3393 228 3462 *)
247 3389 372 3462 procliue
386 3389 429 3446 ost
443 3387 691 3444 emendatiuncula
705 3386 802 3457 aliqua
816 3386 885 3442 talia
898 3387 1012 3454 tollere;
1033 3384 1121 3438 ueluti
1135 3384 1209 3440 mihi

132 3463 283 3534 aliquando
301 3462 331 3518 in
349 3462 472 3517 mentem
491 3458 571 3514 uenit
589 3459 700 3515 Actoris
719 3474 822 3514 nomen
839 3474 981 3528 reponere.
1022 3455 1071 3511 sed
1089 3455 1143 3510 hoc
1163 3459 1209 3512 est

131 3539 224 3607 ipsum
243 3533 382 3605 corrigere
400 3532 522 3602 poetam.
