2534 3960
418 197 605 256 snunnnn
623 201 654 256 n.
673 173 716 270 11‚‘
727 211 752 258 e.
1044 194 1050 202 '
1074 208 1116 274 59

36 335 274 431 Laedendique
297 345 376 410 uias.
421 345 507 411 uitae
531 348 627 414 modo
650 347 761 412 limine
784 349 916 414 adultae
1084 369 1117 420 το

37 423 187 496 Noctere
210 435 366 500 tendebat
388 427 542 500 ibuenum
564 436 799 520 pulcherrimus
822 438 876 502 ille

39 511 133 578 Cum
156 522 261 588 tribus
283 523 374 588 Eleis
397 545 497 588 unam
518 524 685 592 trieterida
707 525 830 590 lustris.

38 601 201 675 Attendit
222 616 317 676 toruo
340 611 445 676 tristis
468 610 670 678 Rhamnusia
692 615 794 697 uultu,

38 689 95 753 AC
120 698 261 777 primurn
283 700 494 785 impleuitque
516 704 606 766 toros
631 702 795 786 oculisque
818 703 959 770 nitorem

40 777 187 851 Addidit
210 811 247 854 ac
271 789 367 854 solito
391 789 561 872 sublimius
585 811 642 855 ora
664 791 799 873 leuauit,
1082 811 1115 860 ⁷5

39 866 135 933 Heu!
160 876 277 942 misero
301 877 398 942 letale
421 878 550 962 fauens,
578 900 711 964 seseque
734 879 873 944 uidendo
991 947 995 951 ,

40 955 161 1026 Torsit
183 966 224 1029 ab
247 965 369 1030 inuidia
391 967 570 1051 mortisque
593 967 743 1051 amplexa
765 968 885 1034 iacenti

38 1041 163 1115 Iniecit
184 1076 286 1120 nexus
309 1054 492 1139 carpsitque
515 1056 652 1121 iminitis
676 1056 800 1121 adunca

40 1131 115 1197 Ora
138 1143 280 1207 uerenda
302 1165 409 1207 manu.
456 1144 569 1227 quinto
592 1145 647 1208 uix
669 1144 878 1228 Phosphoros
902 1149 972 1210 ertu

39 1218 226 1294 Rorantem
250 1231 415 1296 sternebat
438 1254 570 1317 equum:
593 1234 660 1297 iam
683 1233 780 1297 litora
803 1233 875 1298 duri
1079 1251 1113 1302 80

42 1309 162 1394 Saeua
186 1319 321 1403 Phileto,
345 1320 441 1405 senis,
464 1313 632 1407 dirumque
655 1320 842 1386 Acheronta
864 1320 1007 1408 uidebas,

41 1397 120 1474 Quo
144 1405 267 1472 domini
289 1409 427 1473 clamate
451 1411 545 1474 sono!
569 1431 635 1474 non
658 1410 761 1475 secius
785 1413 874 1476 atros

40 1485 220 1574 Nigrasset
238 1497 373 1581 planctu
396 1497 542 1581 genetrix
565 1498 626 1563 sibi
651 1520 748 1562 saeua
770 1500 919 1582 lacertos,

40 1575 117 1642 Nec
139 1587 245 1668 poten
270 1588 303 1650 et
324 1589 410 1650 certe
434 1585 489 1670 qui
511 1586 594 1651 uidit
615 1587 732 1651 funera
753 1587 856 1651 frater

40 1665 190 1736 Erubuit
211 1673 307 1738 uinci.
352 1674 489 1739 seduco
513 1675 641 1739 seruilis
665 1673 815 1758 adempto
1078 1692 1112 1742 85

41 1753 155 1839 Ignis:
179 1759 355 1827 odoriferos
379 1762 529 1828 exhausit
550 1763 681 1828 flamma
705 1763 846 1829 Sabaeos

41 1843 92 1910 Et
116 1844 253 1914 Cilicum
276 1872 407 1936 messes,
428 1850 628 1937 Phariaeque
651 1856 801 1936 exempta
828 1854 954 1919 uolucri

42 1933 207 2004 Cinnama
229 1944 261 2005 et
283 1939 421 2026 Assyrio
443 1945 614 2006 manantes
629 1941 783 2027 gramine
807 1963 901 2007 sucos

41 2023 92 2088 Et
115 2025 238 2092 domini
259 2029 369 2094 fletus:
392 2028 452 2094 hos
475 2034 604 2095 tentum
626 2030 762 2095 hausere
785 2029 931 2113 fauillae,

42 2111 118 2178 Hos
141 2115 224 2181 bibit
246 2139 348 2202 usque
370 2139 482 2204 rogus3
505 2142 565 2185 nec
588 2118 674 2203 quod
696 2117 760 2182 tibi
783 2117 872 2184 Setia
894 2139 992 2183 canos
1079 2135 1113 2184 co

41 2201 209 2268 Restinxit
232 2206 365 2292 eineres,
388 2209 510 2293 gremio
533 2229 593 2273 nee
615 2208 758 2272 lubricus
782 2229 856 2273 ossa

44 2289 141 2364 Quod
163 2295 301 2361 uallauit
324 2318 421 2382 onyx,
443 2296 570 2368 miseris
594 2296 757 2381 acceptius
776 2296 899 2362 umbris

43 2377 152 2452 Quam
173 2384 323 2467 gemitus.
369 2385 425 2450 sed
448 2386 573 2470 etipse
596 2388 722 2452 satest.
768 2386 845 2470 quin
866 2389 960 2471 terga
983 2385 1096 2468 doleri,

44 2465 140 2553 Urso,
163 2470 303 2537 damus?
326 2473 403 2558 quid
426 2474 544 2539 damna
565 2474 660 2540 foues
683 2480 716 2539 et
738 2479 867 2558 pectere
890 2474 1001 2558 iniquo

43 2553 173 2622 Uulnus
196 2561 309 2626 arnas?
331 2562 388 2626 ubi
410 2565 491 2627 nota
512 2563 576 2628 reis
599 2563 752 2629 facundia
774 2561 899 2646 raptis?
1078 2577 1112 2626 95

43 2643 132 2718 Quid
154 2669 263 2712 caram
286 2651 409 2715 crucias
432 2654 500 2715 tam
524 2651 629 2717 saeuis
652 2651 793 2717 luctibus
815 2650 988 2716 umbram?

42 2731 193 2801 Eximius
216 2737 293 2803 licet
313 2739 369 2804 ille
394 2740 495 2804 animi
517 2740 714 2824 meritusque
737 2739 855 2806 doleri:

118 2950 151 3000 '10
168 2947 265 3004 limine
284 2950 404 3005 Marti:
427 2966 539 3004 carmen
557 2955 575 3002 0
594 2968 611 3002 a
623 2951 633 3020 ΙΙ
647 2957 679 3004 71
698 2951 835 3006 tendebat
853 2969 882 3005 a:
906 2949 1036 3004 tenebat
1053 2953 1076 3001 Δ
1095 2955 1112 3001 0

43 3016 53 3087 ΙΙ
75 3021 107 3069 77
127 3016 162 3071 ab
180 3021 293 3090 scripsi:
312 3022 342 3076 et
354 3026 372 3072 0
386 3039 403 3073 a
421 3023 451 3075 et
465 3019 599 3076 insidians
612 3021 796 3076 Bermmmus
814 3024 843 3077 et
859 3021 980 3076 inuitam
993 3019 1113 3075 Mortem

45 3087 192 3155 complexa
215 3092 321 3147 Marti.
342 3093 347 3160 Ι
366 3090 520 3160 mortisque
538 3092 650 3162 scripsi:
668 3096 843 3162 mortemque
863 3095 887 3144 Δ
905 3091 993 3160 οΙ79
1013 3089 1112 3159 quinto

45 3188 81 3198 -
97 3159 158 3212 ortu
172 3159 356 3218 Senatores:
375 3161 590 3230 quinta—hora
608 3169 625 3215 0
643 3181 661 3215 ο,
673 3163 683 3232 Ι
697 3169 728 3218 81
746 3168 816 3232 pote
836 3162 922 3217 Senta
937 3163 942 3232 Ι
958 3160 1113 3244 durumque

44 3234 63 3280 0
83 3246 112 3292 a,
134 3245 202 3288 corr.
227 3233 332 3290 Marti.
351 3235 413 3302 Ι182
437 3231 527 3288 secius
549 3233 635 3288 ideam
658 3233 768 3288 saeuius
787 3239 810 3285 0Ι
824 3234 863 3302 ιΙ
881 3239 915 3288 83
936 3231 990 3288 sibr
1009 3236 1040 3287 ¹3:
1059 3232 1113 3287 tibi

44 3304 63 3350 0
79 3317 96 3351 a
107 3300 118 3368 ΙΙ
131 3305 165 3357 90
180 3304 255 3372 quod
269 3304 364 3360 Dona:
383 3319 439 3372 quo
458 3308 481 3356 Δ
495 3309 512 3356 0
528 3305 533 3371 Ι
548 3305 619 3360 aetia
633 3322 661 3359 a:
681 3303 766 3358 sestia
781 3308 798 3355 0
811 3305 821 3373 Ι
835 3309 869 3358 93
885 3305 929 3358 sat
942 3304 987 3358 est
999 3307 1112 3376 scripsi:

43 3370 134 3495 {iniatg
142 3378 160 3424 0
178 3393 195 3427 a
216 3374 279 3446 ipsa
295 3376 377 3431 iuuat
394 3375 453 3432 edd.
479 3377 483 3444 Ι
508 3374 576 3444 quin
595 3379 627 3430 ⁴3:
646 3374 715 3446 quid
737 3379 761 3428 A
779 3381 797 3427 0
819 3377 829 3446 ΙΙ
852 3381 886 3431 97
906 3373 995 3430 deleri
1013 3380 1043 3432 c:
1063 3377 1112 3432 do-

56 3457 98 3496 en
152 3465 169 3499 a
