2534 3948
512 228 543 284 P.
561 227 700 284 PAPINII
719 226 840 284 stam

656 405 697 472 V.

393 525 591 585 EPIUEDION
614 527 655 582 IN
677 527 831 583 PUERUM
854 527 963 584 SUUM.

145 641 199 708 Me
221 641 388 706 miserum!
412 661 517 724 neque
540 638 627 703 enim
649 637 758 703 uerbis
783 637 994 704 sollemnibus
1018 639 1087 705 ulla

144 730 303 815 Incipiam
325 750 413 794 nunc
436 725 600 793 Castaliae
622 726 789 792 uocalibus
812 725 909 791 undis

144 818 275 884 Inuisus
298 816 493 902 Phoeboque
517 815 636 900 grauis.
668 835 751 901 quae
773 819 893 898 uestra,
916 837 1053 900 sorores,

144 907 254 992 Orgia,
276 905 411 991 Pieriae,
434 926 515 989 quas
538 904 769 970 incestauimus
794 903 890 968 aras?

143 993 260 1078 Dicite,
282 997 360 1078 post
381 1014 521 1079 poenam
543 993 640 1058 liceat
662 993 835 1057 commissa
857 991 962 1058 fateri.
1188 1009 1201 1059 t

143 1081 310 1170 Numquid
331 1083 498 1149 inaccesso
520 1081 616 1166 posui
637 1079 778 1165 uestigia
799 1081 896 1147 luco?

143 1169 231 1238 Num
254 1170 356 1236 uetito
376 1171 414 1235 de
437 1170 527 1236 fonte
550 1169 641 1234 bibi?
664 1190 746 1256 quae
770 1169 874 1254 culpa,
892 1170 964 1256 quis
988 1190 1088 1254 error,

144 1260 246 1337 Quem
267 1258 396 1344 luimus,
418 1256 553 1323 tentus?
589 1257 802 1323 morientibus
825 1279 897 1324 ecce
919 1258 1050 1328 lacertis

143 1347 281 1416 Uiscera
302 1349 417 1413 nostra
438 1349 552 1412 tenens
576 1347 782 1433 animamque
805 1347 958 1412 euellitur
979 1347 1100 1431 infans,

142 1434 220 1502 Non
238 1435 277 1501 de
301 1436 403 1520 stirpe
424 1439 555 1521 patrum
577 1457 638 1500 nec
661 1435 715 1520 qui
738 1457 811 1500 mea
833 1437 968 1501 nomina
986 1435 1087 1501 ferret
1171 1453 1198 1504 10

143 1525 284 1610 Oraque;
307 1546 375 1590 non
396 1524 523 1589 fueram
545 1524 684 1609 genitor,
706 1524 764 1589 sed
786 1525 907 1590 cernite
929 1524 1024 1590 fletus

141 1610 358 1699 Liuentesque
381 1635 492 1698 genas·
505 1617 539 1678 et
562 1612 681 1678 credite
704 1613 904 1696 planctibus:
929 1614 1037 1698 orbus,
1116 1687 1120 1694 ¹

143 1699 249 1766 Orbus
273 1723 344 1786 ego.
388 1700 452 1766 huc
474 1704 584 1786 patres
608 1704 641 1765 et
663 1704 778 1784 aperto
800 1706 931 1786 pectere
953 1707 1076 1781 matres

142 1787 363 1874 Conuenient3
387 1790 508 1854 crinem
531 1789 654 1874 capulis
678 1794 712 1854 et
734 1790 885 1855 cinnama
907 1791 1004 1874 ferte,

143 1876 178 1943 Si
201 1901 265 1962 qua
288 1877 348 1942 sub
371 1877 524 1943 uberibus
547 1878 651 1961 plenis
676 1877 716 1942 ad
739 1877 854 1944 funera
876 1881 972 1946 natos
1171 1895 1199 1944 15

140 1963 217 2050 Ipsa
240 1966 343 2052 gradu
365 1965 496 2038 labente
518 1965 596 2031 tulit
619 1961 845 2052 madidumque
868 1968 982 2033 cecidit

140 2053 257 2121 Pectus
281 2059 315 2120 et
337 2055 485 2120 ardentes
508 2055 661 2120 restinxit
682 2055 767 2132 lacte
789 2054 933 2139 fauillas3

141 2142 295 2228 Quisquis
319 2141 423 2209 adhuc
445 2147 576 2209 tenerae
600 2145 765 2229 signatum
788 2145 866 2209 flore
889 2145 1041 2224 iuuentae

140 2230 306 2298 Immersit
328 2232 429 2298 cineri
450 2233 600 2298 iuuenem
622 2233 789 2320 primaque
811 2233 948 2298 iacentis
970 2309 973 2318 Ι

140 2316 275 2402 Serpere
298 2320 435 2386 crudelia
458 2321 540 2386 uidit
562 2321 718 2406 lanugine
740 2319 896 2404 flammas,
981 2331 983 2338 “
1172 2335 1198 2384 20
1230 2328 1231 2387 l

140 2407 237 2472 Adsit
259 2412 292 2473 et
314 2409 439 2484 alterno
463 2410 752 2482 mecumclamore
776 2409 920 2476 fatiscat:

139 2494 297 2562 Uincetur
319 2497 469 2582 lacrimis,
493 2501 526 2564 et
548 2503 590 2582 te,
612 2496 747 2582 Natura,
769 2497 913 2583 pudebit.

139 2583 246 2650 Tanta
269 2585 349 2650 mihi
370 2586 492 2671 feritas,
515 2589 608 2652 tanta
631 2590 680 2652 est
702 2587 831 2678 insania
853 2587 969 2653 luctus.

208 2900 242 2958 V.
277 2909 290 2956 1
310 2901 381 2973 ulla]
399 2902 474 2957 ultra
491 2902 642 2967 Barthius3
659 2901 725 2954 ullis
746 2901 863 2971 Pcyrar.
877 2905 917 2972 112
941 2917 1014 2956 nnuc
1033 2900 1225 2959 Scriverius:

136 2989 188 3028 nec
207 2977 225 3024 0
243 2991 260 3025 a
273 2974 313 3042 l⁸
331 2974 426 3027 tantus
446 2973 618 3028 Potitium:
636 2971 723 3026 tantis
741 2977 791 3026 ca
806 2973 810 3044 Ι
826 2973 938 3030 lacertis
958 2977 1019 3027 §ar
1038 2971 1165 3030 lacescit
1181 2976 1227 3029 Δ*

137 3043 250 3100 lacestis
267 3045 313 3100 uel
329 3043 451 3112 lateatis,
468 3044 528 3098 eim.
548 3043 618 3112 cle
638 3041 787 3110 animaque
806 3048 825 3094 0
842 3062 869 3110 a,
887 3043 957 3098 co'rr.
975 3043 1015 3098 ed.
1036 3041 1141 3100 Parm.
1158 3047 1171 3115 u
1188 3053 1227 3102 10

136 3117 250 3183 patrum
267 3115 381 3182 scauri:
403 3113 517 3183 quidem
540 3118 557 3165 0
577 3131 594 3167 a
619 3115 630 3182 l
657 3119 690 3168 12
715 3113 798 3168 orbus
816 3115 931 3183 scripsi:
953 3113 1015 3168 orbi
1033 3117 1060 3166 0-
1072 3133 1092 3168 a
1111 3117 1227 3172 orbum

136 3183 271 3244 Heinsius
288 3184 461 3254 planctibus,
485 3183 558 3240 orbi:
578 3183 684 3241 Martl.
698 3185 708 3253 l
723 3190 757 3238 14
775 3183 882 3239 crinem
900 3183 1010 3258 capulis
1030 3187 1061 3240 et
1080 3187 1228 3244 cinnama

136 3253 1227 3395 ttttttttAEttt„tttltttttttttt‘tttitt·

135 3412 202 3519 {aas
221 3395 329 3519 iertelg
348 3414 365 3448 a
377 3397 387 3464 ΙΙ
403 3402 435 3451 17
454 3395 599 3452 restrinxit
614 3394 634 3448 l.
653 3394 774 3464 papillas
793 3400 811 3447 0
830 3414 860 3465 a,
878 3410 947 3452 corr.
967 3397 1059 3464 §1120
1078 3394 1227 3456 flammas

166 3483 231 3522 cm:
249 3481 296 3520 ma
326 3471 413 3520 etta
