2444 3834
75 195 139 269 122
442 196 473 250 Ρ.
491 195 631 250 PAPINII
650 195 771 250 STATII

71 341 141 413 Hos
166 363 238 406 cum
261 341 355 424 plebe
380 363 438 405 sua
460 341 584 424 patriae
608 344 736 406 seruate
759 344 903 425 penates.

75 429 156 515 Sint,
180 430 234 515 qui
256 429 378 494 fessam
402 450 483 494 aeuo
506 430 691 514 crebrisque
714 429 882 495 laboribus
904 430 1020 494 urbem
1112 446 1145 495 55

73 518 163 584 Uoce
186 518 366 602 opibusque
389 518 502 583 iuuent
523 518 682 602 uiridique
704 518 740 581 in
761 518 893 583 nomine
915 521 1058 584 seruent.

73 606 135 672 His
158 606 302 692 placidos
326 606 455 692 genitor
477 628 584 672 mores
607 607 799 691 largumque
820 607 962 672 nitorem

72 694 236 761 Monstret
259 717 348 779 auus,
370 694 525 779 pulchrae
549 695 690 761 studium
714 695 845 760 uirtutis
868 697 1013 779 uberque.

75 783 202 868 Quippe
225 787 258 848 et
281 804 358 867 opes
382 786 415 848 et
437 784 529 869 origo
554 784 666 848 sinunt
687 783 773 848 hano
795 783 945 867 lampade
966 783 1075 866 prima

73 871 230 938 Patricius
253 872 375 940 intrare
398 871 493 957 fores,
515 871 575 937 hos
598 872 683 956 pube
707 873 767 936 sub
790 872 870 956 ipsa,
1109 888 1144 937 60

74 958 109 1025 Si
131 960 228 1026 modo
251 982 354 1045 prona
377 961 471 1027 bonis
493 961 608 1025 inuicti
630 958 777 1026 Caesaris
801 960 911 1025 adsint

74 1047 225 1133 Numina,
248 1049 399 1114 Romulei
421 1050 521 1114 limen
544 1049 674 1134 pulsare
698 1051 838 1115 senatus.

579 1277 638 1343 IX.

159 1433 492 1492 HENDEOASYLLABI
509 1433 629 1490 IOGOSI
647 1434 696 1489 AD
716 1433 881 1489 PLOTIUM
899 1433 1063 1490 GRYPUM.

235 1562 298 1628 aa
320 1583 397 1628 sane
421 1562 510 1627 iocus
533 1560 605 1643 iste,
628 1559 714 1646 quod
736 1560 884 1625 libellum

234 1650 355 1716 Misisti
377 1651 466 1734 mihi,
489 1648 607 1734 Grypo,
629 1671 688 1734 pro
711 1648 832 1713 libello.

235 1738 405 1805 Urbanum
427 1743 538 1803 tamen
560 1737 623 1802 hoc
644 1740 754 1821 potest
778 1737 889 1820 uideri,

235 1825 270 1892 si
292 1826 431 1910 posthac
454 1826 542 1890 aliud
565 1825 645 1890 mihi
667 1824 827 1911 remittes3

234 1913 320 1979 Nam
344 1915 372 1978 si
394 1915 515 1998 ludere,
538 1912 658 1998 Grype‚
680 1935 879 1998 perseueras,
1132 1929 1148 1978 a

236 2001 313 2069 Non
336 2001 429 2068 ludis.
467 2003 553 2086 lieet,
576 2024 658 2086 eece,
682 2002 919 2086 computemus!

236 2091 356 2157 Noster
376 2114 558 2177 purpureus
581 2113 749 2175 nouusque
772 2094 862 2156 carta

235 2179 281 2245 Et
304 2180 388 2245 binis
412 2178 581 2246 decoratus
605 2180 775 2264 umbilicis,

235 2268 369 2333 Praeter
392 2290 443 2333 me
466 2269 547 2334 mihi
569 2268 717 2334 constitit
739 2267 896 2333 decussis:

237 2356 287 2422 Tu
309 2379 420 2422 rosum
443 2357 540 2423 tineis
564 2358 690 2442 situque
713 2359 854 2440 putrem,
1118 2371 1149 2420 10

238 2446 357 2523 Quales
381 2449 438 2511 aut
459 2445 590 2530 Libycis
613 2445 745 2510 madent
768 2445 863 2510 oliuie

236 2533 305 2598 Aut
326 2537 379 2599 tus
402 2532 566 2600 Niliacum
588 2535 721 2618 piperue
745 2536 877 2598 seruant

236 2622 305 2686 Aut
327 2621 546 2706 Byzantiacos
570 2623 661 2688 olent
681 2622 836 2705 lacertos3

238 2709 308 2776 Nec
331 2711 446 2776 saltem
468 2713 527 2776 tua
549 2712 635 2777 dicta
658 2711 892 2793 continentem,

238 2799 326 2876 Quae
348 2799 435 2864 trino
459 2800 587 2866 iuuenis
610 2799 682 2864 foro
705 2799 854 2881 tenebas,
1115 2810 1148 2861 15

236 2886 304 2952 Aut
327 2891 456 2953 centum
478 2910 579 2972 prope
602 2887 732 2970 iudices,
753 2886 943 2971 priusquam

148 3169 301 3239 bipatriae
320 3169 496 3224 Greaoaias:
513 3167 600 3238 patrii
618 3172 636 3218 0
655 3185 673 3220 ι
693 3168 703 3235 ll
724 3172 757 3222 57
782 3164 912 3237 placidus
932 3171 949 3218 0
969 3166 1057 3236 albii
1076 3165 1150 3219 hanc

77 3237 241 3295 Gcaartiaa:
258 3240 312 3293 hac
330 3245 348 3291 0
367 3242 406 3310 αΙΙ
421 3246 453 3295 61
473 3254 562 3310 prona
580 3243 598 3290 0
617 3256 646 3292 a:
665 3238 787 3306 plena?

147 3309 194 3365 IX.
222 3310 440 3378 Endeoasyllabi
459 3314 519 3364 Δο
545 3313 549 3377 Ι
568 3309 672 3449 ΙΙῙ)Ιοοὶιῑ
691 3309 739 3376 ΔΙ
760 3305 1151 3432 Grippfissmiqpipumoll

78 3380 348 3451 imbbtgripec:
372 3380 578 3451 grippetall
600 3381 705 3450 ipost
727 3379 781 3433 hoc
805 3377 914 3447 ahquid
1022 3376 1152 3433 remittas

75 3457 134 3519 ea,
155 3467 225 3509 corr
244 3451 381 3507 Heinsius
402 3455 413 3522 l
435 3458 467 3506 13
487 3451 564 3506 olent
581 3451 638 3519 (ael
655 3451 767 3520 tegunt)
786 3396 936 3504 Heinsius:
955 3448 1053 3505 colunt
1070 3453 1091 3501 0
1107 3466 1151 3505 ι
