2534 3960
436 223 674 297 SILUARUML.
692 226 715 296 Ι
734 232 761 280 6.

223 367 356 435 Plebem
378 368 535 454 grandine
558 370 702 450 concutit
726 391 849 437 serena.

222 458 330 523 Ducat
351 457 464 522 nubila
486 443 618 541 Iupiten
633 480 691 542 per
714 459 825 524 urbem

221 545 267 610 Et
289 545 366 610 latis
387 545 516 629 pluuias
539 546 680 626 minetur
702 547 803 630 agris,

221 633 308 698 Dum
329 635 436 698 nostri
457 633 548 698 Iouis
570 621 606 700 bi
628 634 775 700 ferentin
797 635 928 700 imbres

223 721 308 787 Ecce
332 725 441 786 autem
458 743 579 800 *causas
603 723 692 788 subit
714 744 772 806 pen
794 723 900 789 omnis
975 770 976 784 ι

224 809 367 895 Insignis
390 811 495 894 specie
518 821 549 875 et
570 811 688 894 decora
710 811 800 876 cultu

221 898 336 963 Plebes
360 899 407 962 alt
392 901 476 982 tera,
498 921 564 972 non
588 899 694 964 minor
717 899 878 964 sedente.-

223 985 269 1064 Hi
291 987 426 1071 panaria
448 986 663 1072 candidasque
686 1009 822 1072 mappas

224 1057 424 1139 Subnectant
446 1076 619 1170 epulasque
643 1075 812 1160 lautiores3

221 1157 274 1227 Illi
296 1153 492 1228 marcida*
460 1186 538 1228 uma
560 1164 757 1249 largiuntur:

220 1251 335 1316 Idaeos
357 1254 408 1317 tot
393 1252 494 1317 tidem
515 1255 610 1336 putes
633 1252 811 1319 ministros.

179 1402 186 1411 ,
221 1337 355 1424 Orbem,
377 1362 441 1424 qua
463 1340 577 1406 melior
600 1341 804 1426 seueriorque
827 1345 890 1424 est,

221 1426 267 1491 Et
289 1431 402 1514 gentes
426 1428 487 1492 alis
510 1429 643 1494 insimul
664 1432 811 1514 togatam
951 1485 954 1492 .

221 1515 362 1580 Etcum
384 1518 435 1580 tot
457 1517 595 1600 populos
618 1517 714 1586 beata
735 1538 865 1600 pascas,
918 1577 920 1584 ι

187 1683 189 1688 ,
220 1603 333 1686 Hunc,
355 1603 512 1687 Annona,
536 1605 621 1668 diem
643 1605 784 1687 superba
805 1605 921 1669 nescis.

220 1692 238 1757 I
260 1713 346 1756 nunc
369 1692 498 1768 saecula
521 1713 685 1775 compara,
708 1689 876 1776 Uetustas,

222 1780 360 1864 Antiqui
383 1778 471 1844 Iouis
495 1801 689 1864 aureumque
712 1784 856 1864 tempus:

224 1867 301 1936 Non
325 1869 370 1933 sie
392 1868 495 1934 libera
517 1868 597 1934 uina
617 1871 695 1934 tunc
717 1868 861 1934 fluebant

221 1956 291 2023 Nec
312 1957 440 2036 tardum
464 1976 556 2042 seges
579 1957 759 2040 occupabat
781 1979 904 2022 aruum.

221 2045 296 2111 Una
318 2045 481 2111 uescimur
503 2046 609 2110 omnis
634 2045 712 2109 ordo
735 2065 859 2127 mensa,

223 2132 295 2198 Mas
319 2137 352 2198 et
374 2133 506 2218 femina,
527 2133 621 2217 plebs
645 2153 741 2216 eques
766 2135 911 2198 senatus:

220 2221 368 2286 Libertas
390 2221 606 2303 reuerentiam
628 2221 763 2286 remisit.

221 2311 267 2376 Et
287 2313 325 2376 tu
348 2310 426 2394 quin
449 2310 548 2384 etiam
572 2307 661 2394 (quis
683 2308 745 2374 hoc
767 2329 896 2395 regare,

222 2397 302 2474 Quis
324 2398 514 2483 promittere
535 2398 641 2482 possit
663 2397 725 2462 boc
747 2396 922 2484 deorumi).

222 2486 400 2553 Nobiscum
423 2487 529 2552 socias
552 2487 652 2639 dapes
674 2486 776 2552 inisti.

220 2575 291 2640 Iam
315 2597 358 2657 se,
381 2575 526 2660 quisquis
550 2575 578 2640 is
603 2578 652 2640 cst
674 2574 779 2658 inops,
797 2574 878 2639 beat
863 2577 916 2638 tus

223 2662 401 2742 Conuiuam
424 2662 514 2728 ducis
538 2684 608 2728 esse
631 2663 823 2748 gloriatur.
908 2725 911 2732 Δ

221 2737 292 2816 Hos
315 2752 401 2816 inter
422 2750 571 2827 fremitus
593 2773 760 2835 nouosque
783 2752 876 2819 luxus
968 2777 970 2782 ’

225 2837 399 2923 Spectandi
421 2839 502 2914 leuis
526 2839 618 2904 affuit
603 2841 806 2923 tuoluptas:

221 2927 284 2991 Hic
308 2949 402 2992 sexus
425 2927 547 2992 rudis
538 2928 722 3013 msciusque
744 2925 822 2994 ferri
869 3005 873 3011 Ι
933 2974 941 3002 ·.

131 3125 167 3173 ΙΙ
185 3136 312 3174 serenam
331 3125 348 3171 (Ι
363 3138 388 3189 ι
407 3135 478 3174 corr.
490 3119 625 3175 Heinsius
637 3121 648 3190 Ι
661 3125 695 3174 ΙΙ
714 3119 797 3173 laetis
817 3119 953 3186 Mosellae
965 3119 975 3185 Ι
989 3123 1022 3171 29
1037 3117 1130 3186 specie

61 3195 91 3246 et
110 3191 225 3258 scripsi
244 3189 338 3259 specie
357 3195 380 3242 A
398 3190 503 3260 species
523 3193 563 3260 (ΙΙΙ
577 3196 611 3244 36
630 3190 748 3244 insemel
766 3194 828 3256 Ac,
848 3205 917 3244 cerr
938 3189 979 3256 (Ι
993 3193 1027 3242 38
1041 3189 1132 3243 nescit

59 3268 123 3329 (Ιι,
142 3277 211 3316 cerr.
230 3261 318 3316 Dum.
333 3262 395 3330 ΙΙΙ
415 3277 514 3315 aruum
532 3262 645 3344 scripsi:
668 3277 771 3314 annum
790 3265 808 3311 (Ι
826 3279 843 3313 a
856 3262 865 3329 Ι
883 3265 917 3314 43
936 3259 1076 3314 nascimur
1094 3264 1132 3314 A.

59 3331 220 3402 nescituro
238 3335 302 3401 l44
319 3333 380 3386 Mas
398 3334 429 3387 et
446 3333 559 3400 scripsi.-
576 3331 662 3385 Parui
680 3337 698 3382 (Ι
716 3349 733 3383 ιι
751 3333 760 3400 Ι
778 3337 812 3384 46
832 3331 884 3385 hoc
902 3346 933 3384 ro
954 3335 1053 3386 ares.
1077 3330 1131 3385 hoe

60 3408 239 3459 necaretis
221 3405 261 3472 ιΙ
275 3408 309 3457 52
329 3401 409 3458 affuit
425 3403 561 3472 scripsit
581 3403 598 3458 Ι.
613 3419 652 3472 p.
663 3406 734 3458 254:
752 3399 923 3471 effugitca
934 3347 997 3470 ΙΙΙ
1016 3399 1069 3455 Hic
1086 3401 1132 3457 uel

59 3473 121 3531 Hac
139 3474 275 3542 scripsit.
295 3475 327 3528 Ι..·
346 3473 410 3528 Stat
428 3480 445 3525 (Ι
464 3492 481 3526 ιι

113 3571 200 3613 Sanun
219 3570 318 3614 Smuu.
900 3567 916 3614 3
