2534 3948
377 249 389 268 .
500 216 530 271 P.
549 215 688 270 ΡΔΡΙΝΠ
706 215 828 270 STATII

289 359 434 426 Maximo
457 381 587 426 carmen
610 363 744 424 tenuare
766 362 875 443 tent03

289 448 385 516 Nune
408 449 450 515 ab
473 449 605 514 intonsa
627 448 784 531 capienda
805 452 915 531 myrto

290 536 391 622 Serta,
414 558 502 604 nune
524 537 628 602 maior
651 536 723 600 sitis
746 539 780 601 et
802 536 962 601 bibendus

449 623 577 690 Castior
600 625 714 710 amnis.

289 802 426 879 Quando
449 805 482 866 te
507 800 594 866 dulei
616 799 710 865 Latio
733 801 901 865 remittent

288 889 460 956 Dalmatae
483 893 620 972 montes,
642 889 699 954 ubi
720 888 797 953 Dite
820 889 892 954 uiso

287 977 431 1045 Pallidus
453 979 560 1044 fossor
582 977 665 1042 redit
688 980 842 1061 erutoque

447 1065 610 1134 Oeneoler
632 1065 734 1130 auro?

288 1241 374 1308 Eece
396 1263 448 1308 me
471 1244 584 1317 natum
607 1243 757 1326 propiore
779 1245 867 1307 terra

290 1329 367 1396 Non
389 1333 499 1395 tamen
521 1334 618 1414 portu
639 1330 782 1395 retinent
804 1351 939 1396 amoeno

288 1418 423 1485 Desides
447 1417 547 1484 Baiae
569 1419 722 1484 liticenue
744 1421 840 1483 notus

450 1506 601 1573 Hectoris
626 1507 734 1572 armis.

289 1683 415 1767 Torpor
438 1686 488 1748 est
509 1683 629 1749 nostris
654 1683 723 1747 sine
746 1687 779 1748 te
803 1681 965 1767 Camenis,

289 1771 426 1837 Tardius
450 1774 542 1836 sueto
566 1772 659 1836 uenit
680 1772 751 1855 ipse
774 1771 960 1855 Thymbrae

288 1858 407 1925 Hector
430 1863 462 1924 et
484 1859 598 1943 primis
622 1881 713 1924 meus
736 1880 808 1925 eece
831 1859 926 1925 metis

447 1946 569 2012 Haeret
590 1946 742 2014 Achilles.

289 2123 416 2209 Quippe
439 2127 472 2202 te
494 2124 559 2190 fido
582 2125 742 2190 monitore
765 2128 878 2188 nostra

289 2211 433 2278 Thebais
457 2213 562 2278 multa
584 2213 727 2278 cruciata
749 2213 828 2277 lima

289 2299 409 2366 Tentat
430 2301 544 2366 audaci
566 2300 629 2365 fide
650 2298 847 2366 Mantuanae

448 2388 574 2454 Gaudia
596 2389 713 2456 famae.

289 2562 351 2630 Sed
374 2566 486 2631 damus
510 2566 598 2632 lente
622 2566 761 2648 ueniam,
784 2567 870 2652 quod
893 2567 979 2632 alma

287 2652 384 2718 Prole
407 2653 552 2723 fundasti
573 2675 693 2719 naeuos
715 2658 859 2738 penates.

289 2740 317 2807 0
341 2741 424 2806 diem
446 2743 581 2807 laetum!
605 2742 696 2808 uenit
719 2764 792 2809 ecee
814 2742 910 2809 nobis

448 2829 609 2896 Maximus
633 2831 736 2896 alter!-

291 3005 423 3073 Orbites
447 3007 536 3072 omni
558 3006 714 3092 fugienda
735 3008 819 3092 nisu,

289 3096 394 3173 Quam
416 3096 535 3181 premit
557 3096 643 3160 uotis
666 3096 816 3162 inimicus
839 3097 942 3179 heres,

202 3399 234 3448 11
253 3409 305 3449 nee
319 3393 407 3450 maior
418 3395 522 3450 Merez.
537 3395 547 3464 [Ι
563 3399 594 3448 19
609 3393 758 3450 latieemue
771 3396 864 3450 motus
878 3399 896 3446 α
911 3412 935 3464 ι,
950 3409 1019 3450 eurr.
1034 3363 1185 3452 Auentinae
1196 3397 1207 3468 li

131 3471 166 3520 20
185 3463 312 3522 Hectoris
331 3464 420 3520 amnis
439 3470 457 3517 ⁰
476 3484 493 3517 a
