2534 3948
144 217 209 283 150
506 216 538 271 P.
556 214 695 272 PAPINII
712 214 834 271 STATII

141 363 354 447 Aequoraque
378 364 410 426 eb
431 364 536 427 barras
558 381 657 445 quam
678 380 739 425 nos
762 359 877 424 debere
899 361 1039 445 parenti,

143 449 178 516 Si
200 451 297 516 decus
319 450 382 516 hoc
404 449 627 534 quodcumque
649 449 739 532 lyrae
762 448 949 534 primusque
971 449 1091 517 dedisci

141 537 219 605 Nou
241 540 376 625 uulgare
397 538 488 622 loqui
510 541 543 602 eb
559 537 682 602 famam
706 558 835 621 sperare
858 538 1014 621 sepulcro.

142 628 254 705 Qualis
278 649 359 712 eras,
380 625 495 693 Latios
517 626 666 710 quotiens
689 646 750 710 ego
773 625 915 690 carmine
937 630 1046 710 patres
1158 645 1207 693 215

139 715 316 782 Mulcerem
337 715 477 800 felixque
503 715 552 780 tui
575 717 739 798 spectator
761 713 891 780 adesses

139 803 297 870 Muneris!
325 804 390 870 heu
412 805 501 889 quali
523 802 676 869 confusus
700 802 819 888 gaudia
840 802 920 868 flatu

140 891 228 958 Ucia
245 894 381 979 piosque
403 896 508 958 metus
531 892 618 956 inter
639 892 823 975 laetumque
845 891 1014 976 pudorem!

142 981 246 1057 Quam
268 985 344 1047 iuus
367 981 421 1046 ille
445 981 522 1065 dies,
544 1001 642 1066 quam
663 1000 732 1046 non
753 979 835 1044 mihi
857 980 962 1066 gloria
984 980 1104 1047 muer!

141 1069 231 1135 Talis
254 1069 446 1154 Olympiaca
466 1069 618 1136 iuuenem
640 1089 715 1134 cum
737 1071 863 1153 special
884 1069 1007 1134 harena
1157 1087 1207 1136 220

141 1157 204 1235 Qui
222 1159 345 1244 genuit,
366 1159 442 1242 plus
465 1159 535 1241 ipse
557 1157 644 1236 ferit,
667 1157 742 1242 plus
765 1157 862 1223 corde
885 1157 945 1222 sub
969 1159 1037 1224 alic

140 1243 304 1329 Caeditur3
328 1245 501 1311 abbenduub
523 1245 625 1326 cunci,
648 1248 814 1330 speciatur·
836 1245 975 1311 Achaeis

15 1415 18 1420 Ι
139 1333 199 1400 llle
222 1335 337 1420 magis,
359 1334 473 1400 crebro
496 1334 573 1399 dum
595 1334 721 1399 lumina
743 1335 886 1418 pulueris
909 1333 1029 1401 haustu

139 1420 258 1489 Obmii
280 1427 313 1488 ei
334 1445 454 1507 prensa
476 1427 576 1489 uoueb
598 1423 745 1506 expirare
768 1445 897 1489 corona.

139 1510 182 1576 Ei
204 1511 285 1577 mihi
308 1511 395 1598 quod
416 1514 545 1577 mnium
567 1511 691 1595 patrias
715 1532 778 1597 ego
800 1513 922 1578 uertice
944 1513 1077 1578 frondes
1157 1529 1204 1579 225

140 1597 280 1686 Solaque
303 1599 508 1666 Chalcidicae
531 1597 678 1666 Cerealia
700 1600 787 1665 dona
809 1622 948 1667 coronae

139 1687 185 1753 Te
208 1689 269 1754 sub
290 1691 375 1753 iesbe
397 1689 473 1753 iulii
510 1689 639 1772 qualem
660 1693 694 1754 ie
717 1687 889 1754 Dardanus
913 1689 1018 1755 Albae

138 1775 205 1842 Uix
228 1777 368 1861 cepisset
391 1797 477 1862 ager,
500 1777 529 1841 si
550 1798 683 1861 parma
705 1781 793 1842 seria
814 1777 945 1842 tulisses

140 1862 300 1930 Caesarea
322 1864 444 1930 donata
466 1867 579 1931 manui
603 1866 689 1949 quod
713 1865 849 1932 subdere
870 1867 971 1932 robur
1253 1943 1254 1947 Ἰ

138 1951 201 2018 Illa
224 1953 301 2038 dies,
323 1955 480 2037 queniam
502 1953 611 2038 potuit
633 1954 811 2039 dempsisse
834 1957 996 2020 seneciae!
1156 1972 1203 2022 230

138 2039 225 2106 Nam
249 2041 334 2126 quod
356 2063 408 2106 me
430 2043 533 2107 mixis
555 2064 691 2128 quercus
713 2064 782 2109 non
803 2045 923 2128 prescii
945 2045 1040 2127 oliua,

138 2129 185 2195 Ac
200 2131 288 2216 fugis
310 2135 458 2214 speratus
481 2131 600 2196 honos:
623 2153 722 2216 quam
744 2132 835 2197 dulce
857 2133 1002 2216 parentis
1252 2118 1253 2169 l

139 2217 261 2286 Iniima
283 2217 402 2302 Tarpei
425 2221 569 2303 caperes!
605 2223 639 2284 ’ce
661 2223 777 2285 nostra
798 2221 955 2306 magistro

139 2307 280 2372 Thebais
303 2308 442 2392 urgebat
463 2307 645 2391 priscorum
668 2309 799 2374 exordia
821 2312 946 2394 uaium3
1159 2367 1170 2390 ,
1251 2325 1252 2391 l

139 2394 188 2459 Tu
207 2399 322 2461 canius
347 2395 514 2462 stimulare
537 2417 637 2480 meos,
659 2399 696 2461 iu
719 2397 860 2480 pandere
882 2397 971 2463 facta
1154 2415 1202 2464 235

138 2481 285 2550 Heroum
307 2483 447 2568 bellique
469 2484 582 2550 modos
606 2485 797 2571 positusque
820 2486 966 2552 locorum
1250 2539 1251 2554 ,

137 2570 356 2638 Monshabas.
400 2571 492 2638 labat
513 2573 637 2639 incerto
656 2573 737 2639 mihi
758 2574 862 2640 limile
880 2597 991 2640 cursus
1250 2557 1251 2613 A

211 2893 262 2942 212
281 2904 332 2943 nos
350 2905 410 2957 epo:
433 2904 483 2943 uos
502 2893 519 2940 0
539 2889 644 2959 ι11213
664 2889 693 2944 Si
712 2889 757 2952 (=
776 2887 925 2958 siquidem)
943 2890 1057 2959 scripsi:
1079 2890 1136 2947 Sed
1154 2897 1206 2944 οι

140 2956 187 3012 Sic
203 2959 376 3029 0209011215
400 2975 461 3013 eras
484 2965 508 3013 Δ
531 2964 562 3014 c:
581 2963 642 3014 arab
661 2961 702 3029 ςΙΙ
716 2966 768 3015 218
787 2960 862 3014 Uola
880 2965 898 3014 ς
917 2978 947 3014 a:
969 2961 1045 3016 Nola
1064 2966 1082 3013 0
1099 2965 1103 3031 Ι
1120 2978 1206 3032 pauc·

138 3044 198 3082 rem
221 3029 355 3086 Heinsius
372 3031 382 3100 ll
400 3035 452 3084 212
477 3029 566 3096 Quam
587 3032 653 3085 tuus
675 3029 727 3085 c*=
752 3029 884 3096 Quamuis
906 3032 1046 3100 (liquam
1065 3037 1082 3084 0
1102 3051 1132 3087 a:
1152 3050 1207 3101 qua

138 3099 198 3154 edd,
212 3100 222 3170 ΙΙ
235 3105 287 3155 222
306 3102 463 3156 accendunt
479 3101 615 3156 Heinsius
630 3103 634 3166 1
650 3099 770 3156 Achaeis
788 3101 937 3169 luceam.-
951 3101 1066 3158 achabea
1080 3107 1099 3155 0
1114 3107 1207 3160 acates
1247 3129 1248 3166 ι

139 3171 178 3239 “ll
191 3175 243 3225 223
262 3171 357 3226 hausti
376 3177 393 3224 0
411 3189 436 3237 a,
455 3187 524 3226 corr.
543 3171 623 3227 Dmn.
638 3173 648 3242 ll
661 3177 713 3227 228
734 3170 929 3242 conspexisset
946 3172 1118 3228 Schraderae
1131 3176 1141 3244 ΙΙ
1155 3181 1205 3229 231

138 3239 202 3294 Heu
224 3243 300 3309 quod
324 3243 430 3296 Marici
448 3243 527 3312 11232
550 3257 638 3310 quam
660 3243 773 3311 scripsi:
797 3258 853 3311 qua
875 3247 898 3297 Δ
924 3247 941 3294 0
979 3259 1043 3298 cum
1062 3246 1207 3300 damalius

139 3325 202 3364 cum
220 3310 283 3366 luce
305 3330 331 3380 p.
356 3311 439 3366 lniia
466 3315 497 3368 Τ.
526 3328 655 3368 caucum
677 3313 837 3370 Grmwciac
865 3331 929 3369 cum
950 3313 1041 3370 lustra
1058 3331 1088 3385 p.
1106 3316 1208 3370 Inuidc
1246 3321 1247 3324 ’

139 3380 170 3437 Τ.
186 3396 315 3436 canerem
335 3384 438 3439 Marici.
453 3385 528 3453 11233
547 3383 650 3439 Iniima
667 3386 779 3454 scripsi:
797 3384 896 3440 lacida
914 3389 932 3436 0
950 3402 968 3437 a
983 3388 988 3453 Ι
1004 3401 1122 3456 caperes
1134 3392 1158 3440 Δ
1177 3393 1207 3440 c:

137 3467 251 3520 raperes
265 3454 369 3521 51123‘1
389 3470 427 3507 aa
445 3454 556 3523 incepta
575 3454 616 3522 (in
634 3457 743 3524 caepio)
762 3453 777 3509 ?
