2534 3948
148 227 188 292 78
513 229 545 284 P.
564 219 703 284 PAPINII
721 229 841 283 STA'l'll

148 372 267 440 Caesar
290 374 333 440 ab
356 373 490 439 emerito
512 375 623 439 iubeat
644 373 796 438 decedere
819 373 916 457 bello,

147 463 193 526 At
215 485 276 529 nos
299 462 361 528 hoc
382 463 501 528 iterum
525 466 648 527 stantes
671 463 707 526 in
728 462 824 528 litore
847 466 958 526 uastos

148 549 325 616 (lernemus
348 551 464 616 fluctus
488 552 632 636 aliasque
654 550 844 636 rogabimus
869 548 985 615 auras?
1174 568 1227 617 130

148 639 175 704 Ο
198 645 268 705 tum
291 643 432 724 quantus
456 659 516 725 ego
540 645 597 704 aut
619 643 742 724 quanta
764 639 878 703 uotiua
899 638 1038 703 monebo

145 727 275 794 Plectra
294 729 381 812 lyra!
405 749 479 792 cum
501 749 554 793 me
576 747 697 812 magna
718 727 844 790 ceruice
865 727 1003 812 ligatum

146 817 286 882 Attolles
309 817 452 882 humeris
476 819 573 900 atque
595 817 630 879 in
652 837 727 880 mea
748 819 881 900 pectora
902 815 1044 898 primum

146 903 317 970 Incumbes
341 928 359 969 e
381 926 489 989 puppe
511 925 617 983 nouus
641 907 833 989 seruataque
854 903 967 968 reddes

147 991 319 1078 Colloquia
341 994 438 1078 inque
460 993 565 1057 uicem
588 993 711 1057 medios
733 992 937 1057 narrabimus
961 1011 1076 1075 annos,
1173 1011 1222 1058 135

147 1081 196 1146 Tu
219 1082 369 1166 rapidum
391 1081 583 1164 Euphraten
605 1084 639 1144 et
660 1081 751 1166 regia
773 1079 893 1146 Bactra
916 1101 1091 1164 sacrasque

146 1170 309 1254 Antiquae
331 1169 512 1254 Babylonis
536 1189 615 1253 opes
639 1173 673 1232 et
694 1167 846 1254 Zeugma,
869 1167 1006 1233 Latinae

146 1256 240 1322 Pacis
263 1258 334 1340 iter,
357 1279 454 1341 quam
477 1257 570 1322 dulce
591 1279 707 1322 nemus
729 1257 875 1321 florentis
897 1256 1042 1341 Idumes3

147 1346 218 1422 Quo
241 1346 385 1431 pretiosa
406 1345 511 1430 Tyros
533 1346 657 1430 rubeat,
680 1367 745 1430 quo
768 1366 913 1430 purpura
935 1345 1010 1409 fuco

147 1433 287 1499 Sidoniis
310 1436 428 1499 iterata
450 1434 547 1518 cadis,
569 1434 627 1498 ubi
650 1433 795 1518 germine
819 1434 928 1518 opimo
1171 1451 1221 1499 140

147 1522 292 1589 Candida
313 1523 425 1588 felices
448 1521 566 1587 sudent
588 1521 799 1606 opobalsama
821 1523 947 1606 uirgae:
1252 1537 1253 1544 ’

145 1612 210 1676 Ast
232 1632 308 1698 ego,
331 1611 467 1677 deuictis
490 1611 633 1676 dederim
656 1631 739 1694 qnae
761 1611 859 1674 busta
880 1610 1027 1695 Pelasgis

147 1699 277 1775 Quaene
300 1700 465 1765 laboratas
489 1699 619 1763 claudat
641 1699 721 1762 mihi
744 1699 866 1784 pagina
889 1698 1028 1764 Thebas.

652 1891 712 1958 ΙΠ.

228 1989 230 1993 ’
311 2031 540 2088 consonano
559 2033 609 2086 lu
628 2030 820 2086 cmunrun
838 2030 1044 2088 anauscnn.

147 2138 278 2206 Summa
301 2141 404 2215 deum,
426 2140 546 2225 Pietas,
568 2142 659 2206 cuius
682 2141 870 2225 gratissima
892 2140 981 2204 caelo

146 2228 233 2294 Rara
254 2230 445 2313 profanatas
468 2230 653 2314 inspectant
674 2228 808 2292 numina
830 2232 943 2308 terras,

145 2317 219 2383 Huc
240 2318 359 2382 uittata
382 2338 508 2382 comam
530 2319 688 2401 niueoque
710 2316 848 2401 insignis
872 2316 1001 2400 amictu,

146 2405 258 2484 Qualis
282 2405 386 2471 adhuc
409 2427 564 2490 praesens
588 2406 742 2490 nullaque
764 2405 899 2488 expulsa
920 2407 1099 2469 nocentum

143 2492 270 2560 Fraude
292 2494 385 2559 rudes
409 2495 547 2579 populos
572 2498 668 2579 atque
691 2514 790 2558 aurea
811 2511 912 2577 regna
935 2493 1074 2577 colebas,
1206 2511 1220 2559 5

144 2580 279 2648 Mitibus
298 2583 441 2668 exequiis
465 2583 541 2647 ades
565 2586 598 2646 et
619 2582 761 2668 lugentis
783 2580 913 2646 Etrusci

145 2667 248 2736 Cerne
270 2672 342 2755 pios
365 2671 460 2735 fletus
484 2671 680 2755 laudateque
702 2670 825 2734 lumina
846 2673 947 2754 terge.

218 2921 268 2971 128
287 2915 429 2972 discedere
447 2920 470 2968 A
489 2921 515 2983 0,
534 2918 648 2973 caveai.
666 2918 677 2985 l
696 2921 748 2970 109
766 2916 805 2969 At
821 2919 857 2970 A:
876 2915 917 2968 Ac
937 2917 974 2983 01
991 2915 1098 2986 uastos]
1120 2933 1218 2972 nereos

146 2987 250 3043 Marti.
265 2988 275 3056 ΙΙ
290 2986 521 3042 1341ucumbens
540 2993 557 3038 0
571 3005 589 3039 a
604 2989 608 3056 Ι
624 2991 791 3055 seruataque
810 2990 983 3055 comeatum
999 2991 1067 3053 pcto
1087 2990 1217 3056 sperata-

37 3071 40 3080 ’
145 3059 227 3126 quel!
250 3063 300 3112 136
320 3056 475 3127 euphraten
493 3061 528 3111 A:
548 3057 685 3112 eufratem
704 3062 721 3109 0
739 3059 748 3126 ΙΙ
768 3062 818 3111 137
837 3072 936 3110 reuma
954 3060 977 3108 A
996 3058 1036 3125 οΙΙ
1056 3061 1108 3109 138
1130 3073 1216 3126 quam

144 3143 204 3198 cpe:
224 3145 280 3197 qua
298 3132 316 3179 0
334 3129 438 3198 941139
459 3127 520 3194 Quo
535 3157 568 3167 -
583 3144 638 3198 qno
657 3159 690 3168 -
709 3129 774 3182 fuco
792 3126 966 3182 Groaoaiue:
985 3125 1093 3193 Qua—
1110 3146 1216 3197 qna—

144 3199 248 3280 euclem
267 3203 284 3250 0
303 3216 320 3251 ι
341 3201 427 3282 [illo
445 3199 522 3254 cadis
542 3201 560 3252 ς
570 3221 576 3253 :
592 3198 673 3281 uadis
697 3204 714 3251 0
733 3217 750 3253 a
774 3201 778 3267 Ι
804 3197 865 3269 ubi]
890 3213 945 3267 quo
966 3197 1094 3266 Marti}
1120 3201 1216 3268 opimo

144 3268 292 3323 Haaoaa:
323 3285 444 3338 pnmum
472 3275 530 3322 ca
555 3285 647 3339 prrmo
679 3264 885 3341 Peyrareduell
913 3273 963 3322 143
993 3267 1107 3332 Quaene
1137 3274 1162 3321 A
1186 3275 1216 3323 c:

143 3338 409 3535 ῨΜΙῈΞἨΜ
427 3425 461 3465 ea
478 3416 496 3462 0
515 3411 591 3466 dedi:
612 3410 720 3465 Claudii
734 3409 844 3466 Etrusci
862 3410 954 3480 pietas
969 3427 985 3463 a
998 3411 1008 3478 i
1022 3415 1037 3464 'l
1051 3410 1216 3479 lassataque
1250 3389 1251 3392 Ἴ

156 3496 250 3535 umrua
300 3497 318 3535 a
358 3496 403 3534 cua
