2534 3948
153 210 217 276 100
519 208 552 261 P.
568 205 706 261 PAPINII
725 205 847 260 STATll

150 353 285 419 Uisibus
307 353 476 436 auratique
497 353 593 436 putes
615 349 782 434 laquearia
803 348 892 414 caeli.

151 442 215 507 Hie
238 463 311 507 eum
335 440 511 506 Romuleos
532 461 682 524 proceres
704 437 915 522 trabeataque
937 434 1058 537 Caesar

151 530 297 633 Agmina
318 529 406 594 mille
429 527 526 594 simul
549 527 645 592 iussit
668 526 869 591 discumbere
892 524 1022 608 mensis,

152 619 192 703 Ip
194 640 230 684 sa
253 619 343 685 sinus
366 617 511 684 accincta
533 613 631 682 Ceres
653 614 864 699 Bacchusque
886 575 1037 683 laborauit

153 705 315 772 Sufficere.
360 705 496 772 aetherii
519 705 665 770 felix's1e
688 704 797 770 orbita
817 703 911 768 fluxit
1188 719 1221 769 35

152 794 408 879 Triptolemi3
382 816 428 860 sic
449 793 580 860 uitifero
604 792 665 856 sub
686 792 823 876 palmite
844 791 947 856 nudos

153 883 329 948 Umbrenit
351 883 449 948 colles
471 886 505 946 et
527 881 638 948 sobria
659 903 735 946 rura
757 879 895 964 Lyaeus.

155 971 220 1037 Sed
241 971 323 1036 mihi
345 991 413 1036 non
435 971 547 1056 epulas
569 969 721 1054 Indisque
743 970 855 1034 innixa
877 969 1035 1034 columnis

154 1060 287 1125 Robora
308 1059 496 1126 Maurorum
518 1059 721 1142 famulasque
743 1079 784 1122 ex
806 1057 918 1124 ordine
940 1062 1081 1142 tumes,

153 1149 275 1232 Ipsum,
296 1147 403 1230 ipsum
422 1147 538 1230 cupido
559 1151 690 1212 tantum
713 1151 857 1230 spectare
879 1147 1007 1212 uacauit
1188 1163 1222 1210 ιο

155 1235 380 1320 Tranquillum
403 1236 514 1300 nultius
537 1239 571 1299 et
592 1236 761 1302 maiestate
784 1256 897 1300 serena
1043 1295 1047 1304 ,
1153 1259 1156 1266 ’

155 1323 351 1389 Muloentem
373 1323 480 1390 radios
503 1325 820 1408 summittentemque
842 1323 986 1390 modeste

156 1412 321 1480 Fortunae
343 1412 464 1478 uexilla
486 1433 577 1493 suae3
599 1416 710 1478 tamen
732 1433 788 1478 ore
810 1411 938 1478 nitebat
1054 1469 1057 1476 .

155 1499 387 1566 Dissimulatus
409 1499 524 1567 honos.
568 1501 667 1568 talem
691 1521 817 1586 quoque
835 1501 993 1566 barbarus
1015 1499 1123 1566 hostis

157 1589 274 1654 Posset
296 1593 330 1654 et
350 1589 482 1675 ignotae
503 1593 713 1673 conspectum
735 1610 910 1674 agnoscere
930 1592 1053 1674 gentes.
1191 1604 1222 1652 45

155 1676 233 1746 Non
255 1678 350 1744 aliter
372 1677 480 1763 gelida
502 1677 675 1761 Rhodopes
697 1678 733 1742 in
755 1678 841 1742 ualle
862 1677 1021 1742 recumbit

156 1764 308 1830 Dimissis
332 1765 493 1830 Gradiuus
517 1766 622 1850 equis;
646 1766 692 1830 sic
714 1767 839 1832 lubrica
860 1767 956 1850 ponit

155 1852 305 1918 Membra
326 1853 538 1937 Therapnaea
559 1855 721 1919 resolutus
745 1855 906 1940 gymnade
929 1854 1055 1938 Pollux,

158 1940 211 2005 Sic
234 1941 318 2006 iacet
340 1940 381 2005 ed
404 1940 543 2026 Gangen
563 1941 653 2007 Indis
675 1942 874 2008 ululantibus
897 1941 1024 2025 Euhan,

157 2027 210 2093 Sic
233 2030 344 2114 grauis
367 2029 499 2096 Alcides
521 2034 599 2115 post
620 2030 751 2096 horrida
772 2031 862 2096 iussa
883 2051 1032 2096 reuersus
1190 2045 1222 2093 50

157 2117 327 2183 Gaudebat
349 2121 451 2184 strato
475 2119 561 2183 latus
585 2119 748 2184 adclinare
770 2120 866 2184 leoni.

155 2205 263 2270 Perua
285 2206 400 2290 loquor
422 2206 560 2272 necdum
583 2228 685 2291 aequo
707 2210 791 2290 t,uos
814 2206 1005 2272 Germanice
1036 2206 1164 2272 uultus:
1252 2239 1253 2283 ι

156 2293 255 2378 Talis,
276 2295 333 2359 ubi
356 2294 476 2360 Oceani
498 2295 595 2360 finem
618 2317 810 2380 mensasque
833 2296 946 2362 reuisit

155 2344 354 2466 Aethiopum
378 2403 487 2448 sacros
510 2382 645 2448 diffusus
667 2387 799 2449 nectare
821 2384 957 2449 uultus

154 2468 230 2534 Dux
253 2492 414 2555 superum,
437 2474 560 2536 secrete
581 2471 672 2536 iubet
693 2472 769 2538 dare
792 2472 935 2537 earmina
956 2471 1068 2536 Musas
1191 2485 1223 2534 55

155 2557 201 2622 Ilt
223 2557 413 2624 Pallenaeos
431 2558 599 2625 Phoebum
622 2559 752 2625 laudare
774 2561 967 2644 triumphos

155 2644 200 2711 Di
221 2645 283 2710 tibi
307 2646 460 2732 (namque
483 2648 608 2714 animes
632 2669 727 2732 saepo
749 2649 900 2714 exaudire
923 2648 1065 2714 minores

154 2733 329 2819 Dicuntur)
348 2736 474 2818 patriae
496 2736 547 2801 bis
570 2740 682 2838 terque
706 2737 790 2810 exire
814 2739 960 2802 senectae

155 2822 339 2887 Annuerint
324 2823 531 2889 tfinestt
479 2827 551 2888 rata
573 2824 707 2888 numina
730 2825 856 2890 miseris
880 2826 985 2904 astris,

155 2910 351 2995 Templaque
366 2910 421 2975 des
436 2911 528 2976 habit
514 2915 626 2996 tesque
640 2912 766 2977 domos!
791 2934 887 2997 saepo
902 2935 1011 2977 annua
1024 2913 1150 2997 pendas
1192 2928 1223 2976 eo

155 2997 294 3084 Limina,
317 3021 412 3084 saepe
435 3021 520 3066 nouo
544 2999 659 3065 Ianum
681 3001 796 3068 lictore
819 3001 950 3084 salutes,

227 3231 262 3280 34
284 3225 493 3291 laboratae
517 3243 622 3284 coras
635 3230 645 3296 ΙΙ
605 3233 693 3282 aaa
711 3227 811 3282 Actaei
829 3228 964 3284 Heiac'cs
984 3229 993 3295 ΙΙ
1014 3232 1048 3282 38
1068 3227 1225 3283 Indisuect

156 3299 190 3350 39
211 3295 288 3350 famu
289 3295 366 3352 laeuo
392 3269 497 3352 Morbi.
525 3296 534 3364 ll
562 3303 594 3350 41
615 3298 697 3352 uultu
720 3299 768 3352 sed
785 3302 857 3363 Ac.
881 3314 949 3353 corr.
971 3299 1134 3354 Politicauo
1157 3301 1168 3367 ΙΙ
1192 3304 1223 3352 50

155 3365 232 3420 iussa
247 3381 385 3491 generose
406 3368 510 3422 Marti
538 3368 547 3438 ll
574 3373 609 3422 54
627 3370 770 3422 sacroue:
789 3374 940 3424 sacroca
923 3370 1009 3437 allel
1029 3368 1154 3424 Lumina
1169 3376 1222 3436 σι

156 3452 225 3494 corr.
