2534 3948
135 214 179 278 84
455 231 460 242 ·
498 214 529 268 P.
548 211 688 268 PAPINII
706 211 828 267 STATII

134 358 194 424 cui
216 363 274 424 tua
296 381 364 424 non
386 357 517 422 humilis
541 356 629 421 dedit
650 356 854 442 indulgentia
876 378 993 422 mores.
1170 371 1222 422 150

134 448 231 513 Hunc
255 447 412 532 siquidem
436 446 585 529 amplexu
609 465 736 529 semper
757 447 930 510 reuocante
953 445 1091 510 tenebas

135 535 281 601 Blandus
305 540 337 601 66
359 534 495 618 imperio
518 555 696 618 numquam
718 536 824 616 pater3
846 533 942 598 huius
966 533 1088 598 honori

135 624 274 690 Pronior
295 625 366 709 ipse
389 623 488 689 etiam
511 621 675 707 gaudebat
696 621 808 686 cedere
831 621 940 687 frater.

137 713 224 789 Quas
247 713 308 778 tibi
330 711 439 778 deuoti
461 711 593 776 iuuenes
616 732 676 794 pro
699 713 791 794 patre
813 714 937 793 renato,

137 801 268 866 Summe
287 802 413 885 ducum,
432 801 551 884 grates,
570 803 628 864 aut
645 819 727 882 quae
744 798 799 882 pia
817 800 896 864 uota
914 796 1121 882 rependant?
1170 815 1221 864 155

137 889 188 954 Tu
210 888 281 974 (seu
303 889 398 955 tarda
421 889 485 953 situ
508 888 668 971 rebusque
690 886 857 960 6111161666
871 890 1019 952 senectus

136 978 270 1045 Errauit
294 1000 351 1044 seu
373 976 495 1042 blanda
518 975 573 1040 diu
595 973 740 1041 Fortuna
762 995 946 1060 regressum

136 1064 268 1154 Maluit)
291 1066 468 1132 attonitum
491 1068 525 1128 et
546 1064 676 1128 uenturi
698 1063 844 1128 fulminis
866 1063 949 1128 ictus

137 1154 336 1220 Horrentem
358 1154 482 1218 tonitru
504 1155 633 1217 tantum
654 1149 783 1235 lenique
806 1150 949 1235 procella

137 1243 318 1310 Contentus
342 1241 507 1307 monuisse
530 1261 652 1325 sencm3
675 1261 813 1325 cumque
835 1239 968 1306 horrida
991 1261 1093 1324 supra
1171 1257 1221 1305 166

138 1331 292 1417 Aequora
315 1352 465 1396 curarum
488 1330 594 1395 socius
617 1330 730 1412 procul
751 1327 837 1392 Itala
859 1350 936 1393 11116

136 1421 322 1505 Linqueret‚
344 1419 397 1484 hic
420 1419 534 1484 molles
558 1415 716 1500 Oampani
738 1416 842 1482 litoris
866 1437 940 1481 oras

136 1509 182 1574 Et
203 1507 398 1575 Diomedeas
422 1506 595 1573 concedere
617 1504 725 1570 iussus
748 1506 783 1569 in
806 1526 896 1570 arces

137 1597 246 1683 Atque
268 1598 396 1681 hospes,
419 1617 486 1661 non
509 1595 591 1678 exul,
614 1597 692 1658 crat
722 1614 782 1658 nce
804 1594 898 1676 plura
920 1594 1066 1658 moratus

136 1685 329 1751 Romuleum
352 1706 477 1750 reseras
500 1683 627 1766 iterum,
652 1679 851 1764 Germanice,
873 1681 973 1746 limen
1170 1697 1219 1746 166

137 1773 401 1859 Maerentemque
424 1772 516 1836 foues
538 1771 774 1854 inclinatosque
796 1773 928 1852 penates

136 1861 255 1946 Erigis.
286 1863 367 1926 haut
389 1860 517 1943 mirum,
539 1859 653 1924 ductor
676 1857 904 1941 placidissime,
926 1856 1056 1941 qnando

138 1950 229 2016 Haec
252 1954 302 2016 est
325 1971 407 2035 quae
430 1948 525 2013 uictis
547 1947 715 2031 parcentia
737 1945 867 2012 foedera
890 1943 1005 2030 Cattis,

140 2039 293 2124 Quaeque
318 2060 412 2104 sunm
434 2036 532 2102 Dacis
556 2037 658 2101 donat
680 2035 852 2101 clementia
874 2036 1028 2118 montem,

138 2128 227 2204 Quae
246 2127 342 2194 modo
360 2126 586 2192 Marcomanos
605 2127 682 2208 post
698 2123 832 2190 horrida
845 2124 931 2189 bella
944 2143 1114 2208 uagosque
1170 2140 1221 2189 116

138 2215 348 2281 Sauromatas
371 2213 466 2280 Latio
489 2235 557 2280 non
580 2217 630 2278 cst
647 2212 786 2298 dignata
808 2211 983 2297 triumpho.

137 2304 271 2390 Iamque
294 2304 328 2371 in
350 2304 414 2368 fine
437 2303 513 2387 dies,
536 2305 570 2366 ct
590 2301 792 2366 inexorabile
814 2322 951 2384 pensum
1000 2312 1004 2322 “

138 2392 263 2459 Deficit.
298 2393 352 2457 hic
376 2390 492 2456 maesti
514 2391 619 2474 pietas
642 2411 693 2454 me
716 2389 824 2472 poscit
845 2388 985 2472 Etrusci,

138 2481 255 2558 Qualia
276 2504 336 2547 nec
360 2479 487 2545 Siculae
510 2478 718 2544 modulantur
740 2477 885 2542 earmina
905 2498 1003 2560 rupes

136 2569 206 2636 Nec
228 2570 290 2636 fati
312 2571 378 2635 iam
401 2571 508 2633 certus
531 2568 603 2632 olor
625 2566 778 2651 saeuique
802 2565 920 2629 marita
1170 2579 1223 2632 116

138 2658 267 2724 Tereos.
299 2659 363 2724 heu
386 2656 517 2743 quantis
540 2655 719 2720 lassantem
740 2654 875 2720 brachia
897 2653 964 2718 uidi
1254 2657 1255 2664 ’

137 2747 327 2813 Planctibus
351 2749 383 2810 et
405 2767 510 2829 prono
536 2743 644 2808 fusum
668 2765 764 2828 super
786 2742 897 2808 oscula
919 2742 1026 2807 uultu!

140 2834 206 2900 Uix
228 2835 343 2900 famuli
366 2834 562 2918 comitesque
583 2835 706 2914 tenent,
728 2831 783 2896 uix
806 2830 924 2895 arduus
947 2830 1034 2916 ignis

139 2923 338 2991 Summouet.
375 2923 456 2988 haut
479 2922 573 2988 aliter
595 2921 718 3006 gemuit
740 2941 798 3004 per
820 2919 928 3004 patria
950 2917 1095 2984 Theseus

211 3261 262 3311 155
280 3257 438 3326 rependunt
454 3260 477 3310 Δ
496 3262 513 3308 6
527 3257 537 3326 6
552 3261 601 3311 161
621 3254 734 3310 Errabit
747 3258 770 3308 Δ
785 3260 895 3320 66611.
911 3252 992 3307 Dom.
1007 3254 1017 3321 l
1032 3257 1084 3308 166
1099 3253 1222 3324 lenique

139 3334 175 3381 A:
195 3326 306 3397 leuique
325 3333 342 3379 6
362 3329 372 3396 ΙΙ
396 3333 446 3383 164
464 3344 516 3382 166
534 3327 620 3397 longa
639 3327 746 3395 611168
766 3325 836 3380 catis
855 3329 890 3378 A:
915 3323 1005 3393 captis
1025 3326 1137 3394 61174
1158 3343 1222 3381 mo-

140 3399 272 3454 derantur
290 3404 307 3450 6
325 3417 357 3466 a,
376 3414 444 3453 corr.
463 3399 627 3467 3661161661
643 3404 693 3453 116
714 3413 764 3466 per
781 3395 874 3466 patria
891 3396 1005 3465 scripsi:
1023 3393 1155 3464 periuria
1170 3403 1188 3450 6
1205 3418 1222 3450 2

138 3469 187 3540 pia
204 3469 302 3524 funcra
320 3469 454 3524 Heinsius
