2534 3948
509 172 540 229 P.
558 171 697 226 PAPINII
715 169 837 228 STATH

302 315 385 384 Cum
407 319 444 382 tu
467 315 586 382 sodalis
610 315 701 380 dulce
723 314 900 399 periculum

303 404 441 472 Oonisus
465 404 555 470 omni
576 406 707 487 pectore
729 403 870 486 tolleres,

356 493 403 560 Ut
425 491 541 558 (laetor
564 491 605 556 ad
627 494 760 556 cunctos
782 492 944 557 tremebat

409 580 584 665 Bebryciae
607 580 747 664 crepitus
769 578 923 646 habenae.

303 774 391 842 Tene
412 775 448 840 in
468 774 602 840 remotis
626 771 778 858 Syrtibus
801 773 875 840 auia

303 863 415 949 Leptis
438 861 584 930 creauit?
621 863 687 928 iam
710 861 793 928 feret
814 861 964 930 Indicas·

356 950 479 1017 Messes
502 951 708 1035 odoratisque
730 940 812 1015 rara*

410 1038 570 1106 Cinnama
591 1039 765 1123 praeripiet
787 1037 929 1106 Sabaeis.

304 1235 383 1312 Quis
406 1255 473 1299 non
494 1233 530 1298 in
553 1234 643 1298 omni
665 1233 784 1300 uertice
807 1233 938 1298 Romuli

305 1323 463 1408 Reptasse
486 1321 612 1388 dulcem
636 1319 830 1406 Septimium
852 1325 968 1406 putet‘l

359 1411 438 1488 Quis
461 1410 552 1476 fonte
574 1408 730 1474 lutumae
752 1410 875 1475 relictis

411 1497 573 1566 Uberibus
595 1502 693 1582 neget
716 1519 785 1564 esse
807 1496 959 1583 pastum?

304 1693 373 1759 Neo
395 1694 479 1757 mire
500 1693 618 1760 uirtus:
640 1693 789 1777 protinus
812 1693 981 1760 Ausonum

306 1781 425 1847 Portus
448 1781 589 1848 uadosae
611 1781 739 1848 nescius
762 1780 894 1846 Africae

357 1868 466 1933 Intres
490 1869 726 1954 adoptatusque
750 1869 863 1934 Tuscis

409 1955 598 2042 Gurgitibus
622 1980 702 2042 puer
724 1957 889 2023 innatasti.

304 2133 390 2201 Hinc
412 2159 532 2221 paruus
555 2137 643 2200 inter
664 2135 803 2220 pignora
825 2133 931 2200 curiae

305 2223 484 2291 Contentus
507 2231 594 2292 artae
616 2224 736 2289 lumine
758 2243 919 2307 purpurae

359 2312 493 2398 Crescis,
516 2314 572 2379 sed
594 2313 768 2376 immensos
791 2310 919 2375 labores

412 2401 526 2494 indole
548 2401 686 2486 patricie
708 2403 845 2466 secutus.

304 2577 380 2643 Non
404 2600 509 2646 sermo
532 2578 670 2662 Poenus,
693 2598 760 2642 non
782 2574 915 2642 habitus
937 2573 1008 2658 tibi,

304 2664 448 2732 Externa
470 2688 538 2732 non
560 2688 665 2730 mens:
688 2663 797 2748 Italus,
819 2663 932 2728 Italus.

359 2753 442 2820 Sunt
464 2755 543 2820 urbe
565 2753 784 2838 Romanisque
806 2751 931 2830 turmis,

413 2843 475 2920 Qui
497 2842 635 2928 Libyam
659 2842 792 2908 deceant
815 2839 946 2905 alumni.

147 3019 360 3041 h-p-s--ae--m-

217 3129 252 3180 26
269 3123 388 3194 pelleres
406 3123 541 3180 Heinsius
554 3123 564 3191 ΙΙ
578 3127 611 3178 28
631 3121 765 3190 strepitus
784 3121 927 3190 (h)arenae
946 3125 1004 3184 ce,
1022 3134 1095 3174 corr.
1114 3119 1210 3180 Schra-

145 3193 226 3248 deus
239 3196 249 3262 ΙΙ
263 3201 296 3250 38
315 3193 428 3250 dolosae
448 3193 552 3250 Marti.
569 3195 573 3262 1
589 3191 698 3248 nescius
712 3192 867 3248 Auectius:
886 3190 1080 3258 nescissent
1095 3191 1211 3248 41an
1246 3205 1247 3246 l

147 3268 213 3318 3⁸:
231 3263 284 3318 Hie
303 3270 321 3316 0
337 3265 341 3332 1
357 3267 435 3320 artae
453 3266 649 3320 Burmamus:
666 3279 717 3318 om.
736 3261 806 3316 Δ*0
825 3263 886 3318 arto
903 3261 1211 3330 Turnebuslll‘ltnrbe

146 3338 208 3404 0⁸,
226 3349 296 3390 corr.
316 3340 334 3390 ς
356 3337 367 3405 ΙΙ
389 3340 423 3390 48
442 3335 559 3392 deceant
577 3340 607 3389 οε
631 3334 751 3390 doceant
769 3339 787 3389 ς
806 3352 824 3387 ι
845 3333 979 3388 decorant
996 3331 1122 3402 Merkl„
1141 3339 1210 3398 reete,

146 3409 178 3459 ut
192 3409 262 3476 puto
