2534 3948
165 211 208 276 80
536 213 567 268 Ρ.
585 213 723 269 PAPINII
740 213 860 270 STATH

162 353 308 442 Munera,
330 361 547 442 uenturosque
570 360 645 430 tuus
669 357 799 424 durabit
820 358 855 422 in
878 379 982 424 ennos

163 441 216 508 Me
238 449 442 512 monstrante
462 444 565 512 dolor.
595 467 699 531 neque
723 447 809 513 enim
831 445 912 513 nihi
934 445 1011 512 flere
1034 454 1218 531 putentem
1253 503 1254 506 ¹

163 527 327 617 Ignotum,
350 533 464 600 similis
487 535 596 619 gemui
619 539 649 599 et
669 534 831 619 proiectus
855 535 897 608 ud
918 534 1021 619 ignes.
1209 531 1254 602 rol

163 618 222 686 Ille
245 623 325 688 mihi
347 626 405 687 505
427 622 546 687 demna
568 623 635 688 dies
659 643 861 706 eompeseere
884 625 980 690 centu
1253 629 1254 704 1

164 705 292 790 Suedel,
315 715 349 776 51
370 709 439 794 ipse
461 711 523 775 tuli
546 733 626 795 quos
647 732 734 776 nune
757 711 818 778 libi
840 709 971 780 confero
994 717 1149 796 questus
1253 797 1254 802 ἵ

163 794 241 865 Non
263 800 326 865 tibi
348 799 436 864 elene
458 799 597 884 quidem,
620 799 727 864 senior
749 798 977 883 placidissime,
999 802 1114 885 gentis
1253 803 1254 808 ’

162 880 263 952 Linea
285 909 344 954 nee
366 889 497 972 proauis
521 887 697 954 demissum
720 891 866 971 slemms,
890 885 947 954 sed
967 888 1088 973 ingens

164 970 332 1060 Suppleuii
353 975 486 1042 fortune
508 997 610 1062 genus
633 976 826 1061 culpamque
849 978 1022 1060 parentum
1207 996 1234 1042 45

162 1062 318 1130 Occuluit.
350 1085 410 1129 nee
433 1065 520 1129 enim
543 1063 691 1130 domines
715 1064 755 1130 de
776 1064 871 1147 plebe
893 1064 1006 1148 tulisti,

164 1149 226 1217 sed
250 1153 366 1238 quibus
390 1174 522 1218 oeeesus
545 1153 669 1237 pariter
690 1153 868 1220 famulans
891 1155 924 1218 el
946 1157 1048 1220 orius.

161 1237 230 1305 Nec
252 1238 357 1324 pudor
378 1240 441 1305 isle
463 1240 537 1305 libi:
560 1240 636 1326 quid
660 1241 747 1308 enim
769 1241 928 1325 senisque
951 1241 1093 1326 poloque

160 1327 301 1394 Perendi
324 1351 395 1394 ue
416 1330 489 1414 lege
510 1329 643 1394 mensi?
674 1329 745 1395 uiee
769 1333 886 1396 cunels
908 1333 1067 1418 reguntur

160 1416 366 1502 Alternisque
389 1420 550 1500 premunt.
580 1417 721 1502 propriis
745 1416 805 1484 sub
829 1418 959 1503 regibus
983 1419 1091 1487 omnis
1129 1423 1135 1434 ’
1204 1438 1231 1484 50

161 1503 274 1590 Terre3
296 1506 414 1590 premii
436 1505 514 1570 felix
535 1526 649 1592 regmn
673 1505 857 1576 diedemate
878 1505 996 1589 Reme3

160 1593 254 1659 Hane
277 1595 416 1660 duribus
434 1595 562 1660 frenare
585 1595 711 1677 dnlum3
735 1615 811 1662 mos
833 1595 946 1664 erescit
967 1594 1003 1663 in
1024 1595 1103 1664 illos

158 1677 335 1767 Imperium
358 1683 491 1767 superis.
522 1683 579 1748 sed
599 1683 723 1748 hebeni
745 1685 778 1746 51
800 1683 935 1752 summa
956 1683 1077 1767 legem:

161 1768 267 1835 Semit
290 1774 323 1835 et
346 1775 509 1836 astrorum
531 1772 625 1836 uelex
648 1771 765 1838 chorus
788 1773 821 1836 55
842 1793 928 1857 uage
951 1772 1052 1839 seruit

159 1857 253 1922 Luna
275 1879 335 1922 nee
357 1857 500 1923 iniussae
521 1859 642 1929 uouere
665 1859 749 1927 redii
771 1859 878 1927 orbita
899 1859 990 1930 lueis.
1201 1879 1229 1928 55

160 1943 221 2029 sio,
243 1947 339 2011 modo
363 1945 392 2010 si
413 1946 464 2012 fes
488 1949 539 2012 555
561 1967 697 2032 sequere
720 1947 860 2016 iacentis
883 1949 1026 2031 summis,

159 2034 298 2099 Pertulit
320 2038 353 2099 55
375 2035 465 2100 saeui
487 2035 678 2120 Tirynthius
701 2035 832 2104 horride
854 2036 940 2121 regis

157 2118 266 2206 Paete,
289 2145 349 2187 nee
373 2123 502 2189 erubuii
522 2124 713 2190 famulantis
735 2125 845 2192 fislulu
866 2124 999 2193 Phoebi.

158 2209 221 2277 Sed
242 2232 346 2296 neque
368 2212 546 2277 barbaricis
569 2212 663 2278 Latio
686 2212 898 2282 transmissus
921 2214 963 2278 ab
986 2212 1066 2281 oris:

158 2297 296 2383 Smyrna
317 2299 378 2366 libi
401 2297 530 2384 genlile-
544 2301 650 2368 solum
671 2303 831 2385 polusque
854 2301 994 2368 uerendo
1200 2325 1229 2373 50

159 2387 222 2452 Ore
245 2387 347 2452 Meles
371 2386 548 2472 Hermique
570 2389 699 2468 uadum,
722 2411 785 2474 quo
809 2389 929 2473 Lydius
952 2390 1057 2457 intret

157 2472 304 2541 Baeehus
329 2480 361 2541 ei
385 2480 499 2541 eureio
522 2477 625 2542 refieii
649 2499 708 2544 sue
731 2499 851 2544 cernue
873 2478 962 2546 limo.

154 2563 255 2628 Laeta
277 2565 391 2630 dehine
414 2566 510 2631 series
533 2565 695 2652 uariisque
719 2588 757 2633 ex
779 2565 889 2632 ordine
912 2567 996 2632 euris

155 2652 279 2718 Anulus
301 2654 419 2736 honos3
448 2675 638 2739 semperque
661 2655 780 2740 gradum
803 2677 904 2739 prope
926 2655 1074 2739 numina,
1101 2680 1229 2745 semper

155 2739 347 2807 Caesareum
371 2743 507 2808 soluisse
530 2742 616 2809 15105
641 2743 802 2827 sserisque
826 2743 959 2810 deorum
1197 2767 1227 2814 55

224 2974 260 3023 46
278 2967 383 3023 similes
395 2985 432 3008 ⁸-
446 2969 527 3038 ignes
546 2970 600 3037 (uel
618 2969 738 3025 similem
753 3002 786 3011 -
800 2971 907 3040 ignem)
927 2971 1049 3027 Markl:
1072 2971 1179 3030 similis
1196 3007 1226 3014 —

152 3039 248 3109 ignem
266 3046 284 3091 c
303 3058 319 3092 5
335 3041 339 3107 1
355 3039 450 3110 gemui
467 3044 502 3093 A:
522 3040 606 3108 genui
623 3042 668 3096 051
685 3041 791 3110 gemini
809 3044 847 3110 61
868 3044 897 3096 et
913 3048 975 3110 post
993 3042 1095 3111 gemui
1109 3044 1227 3111 inserui,

153 3116 216 3166 00055
233 3110 333 3165 similis
348 3111 453 3166 Markl.
467 3112 477 3181 11
491 3116 525 3165 45
539 3111 687 3182 labemque
706 3114 854 3180 petentum
872 3111 1043 3168 Schraderus
1056 3115 1066 3182 11
1079 3119 1115 3168 47
1136 3115 1227 3170 femu-

151 3180 227 3234 15555
240 3184 263 3232 Δ
278 3185 309 3234 ςι
327 3181 501 3236 famulantur
514 3183 554 3251 011
568 3188 602 3236 49
617 3184 717 3236 cunels
739 3185 874 3252 geruntur
888 3189 905 3234 c
919 3201 944 3251 ι,
959 3199 1027 3238 corr.
1044 3183 1201 3241 Geuartius
1219 3238 1221 3254 ,

152 3255 187 3304 50
225 3253 337 3305 rement
354 3255 378 3303 A
395 3257 426 3306 c:
449 3256 552 3322 regunt
569 3253 717 3308 Liuineius
738 3254 748 3322 11
772 3258 805 3308 55
823 3252 923 3310 iniussi
941 3284 975 3294 -
994 3253 1069 3309 Solis
1089 3256 1199 3312 Markl.
1219 3260 1228 3327 1

154 3327 188 3376 56
204 3269 255 3375 Ι115
272 3321 385 3390 scripsi:
403 3321 440 3378 Ee
458 3325 576 3394 55158
596 3324 675 3378 Iusse
689 3324 818 3395 41151511
833 3324 1005 3394 6085511515
1024 3323 1200 3384 sanaremus
1218 3376 1226 3396 ,,

152 3399 184 3446 64
206 3390 261 3446 Ore
284 3393 338 3458 (uel
360 3393 482 3448 uerenda
499 3393 615 3462 Fronte)
637 3395 749 3464 scripsi:
776 3395 865 3450 Fonte
883 3400 901 3447 5
920 3414 937 3451 5
958 3397 968 3465 11
991 3401 1026 3450 64
1048 3396 1143 3465 gradu
1163 3405 1181 3450 5
1201 3418 1224 3464 ι,

150 3478 220 3518 cerr.
240 3463 421 3534 Peyraredue.
440 3463 522 3533 gradi
541 3465 685 3520 Mewrsius
