2534 3960
387 261 557 318 EDITORIS
576 261 791 316 PRAEFATIO.
1075 281 1134 317 xvn

72 407 202 471 minutis
229 405 294 471 illis
324 429 405 491 quae
436 409 526 472 lusus
554 427 720 492 nugasque
749 409 782 470 et
808 407 948 489 ineptias
971 406 1134 470 uocabant

72 495 239 578 poematiis
263 500 501 580 concesserunt3
529 497 564 559 in
584 496 780 560 carminibus
798 495 1000 580 longioribus
1019 495 1134 558 diurna

72 585 146 648 lima
173 585 378 668 studiumque
406 587 543 649 multum
576 584 812 668 expectabatur.
856 605 933 648 nam
960 586 1134 668 postquam

72 674 195 738 Ennius
226 674 348 758 primus
387 673 569 738 ‘Musarum
602 675 751 757 scopulos
789 675 958 755 superarat
990 675 1021 736 et
1058 673 1135 736 dicti

73 763 233 828 studiosus
258 762 347 846 erat’,
369 763 435 827 iam
453 763 527 826 inde
546 763 586 826 ab
606 763 661 826 illo
680 767 825 845 tempore
844 761 948 846 magis
968 762 1135 846 magisque

71 855 184 934 poetae
207 850 359 930 Romani,
386 852 441 935 qui
469 851 597 934 quidem
621 851 711 916 seriis
735 851 932 915 carminibus
955 850 1135 935 pangendis

72 941 226 1005 dederunt
249 963 389 1024 operam,
418 961 486 1004 non
510 940 685 1004 emiserunt
706 939 808 1004 libros
831 940 896 1003 nisi
918 939 1056 1003 multum
1079 960 1137 1024 per

71 1035 196 1113 tempus
230 1049 302 1093 cum
335 1051 412 1094 cura
439 1029 615 1112 perpolitos
648 1029 874 1112 doctrinaeque
907 1027 1136 1112 speciminibus

72 1119 259 1183 adornatos:
283 1118 356 1201 plus
380 1140 432 1182 ars
455 1118 588 1182 ualebat
611 1139 708 1202 quam
731 1117 906 1202 ingenium.
952 1119 987 1180 at
1006 1114 1137 1194 Statius,

72 1211 107 1271 ut
130 1207 170 1271 ab
194 1205 324 1290 ingenio
348 1207 506 1270 maximus
531 1207 637 1270 estin
661 1205 765 1289 siluis,
792 1206 839 1270 ita
862 1205 971 1268 deficit
994 1204 1035 1268 ab
1060 1207 1137 1268 arte.

70 1318 146 1360 nam
174 1316 247 1359 cum
270 1296 457 1379 plerumque
482 1298 608 1378 tempus
631 1294 857 1359 breuissimum
881 1293 922 1357 ad
944 1293 1138 1378 perficienda

10 1419 11 1424 .
71 1383 213 1448 carmina
237 1406 256 1447 a
278 1383 425 1466 patronis
452 1384 541 1448 iussa
563 1383 592 1446 ei
617 1385 814 1467 suppeteret,
837 1385 972 1446 naturae
995 1381 1137 1446 indolem

71 1477 199 1538 secutus
223 1473 329 1534 minus
349 1471 531 1554 expoliendi
550 1493 643 1534 curae
662 1492 777 1534 uacare
796 1471 912 1554 potuit.
944 1470 1018 1534 uide
1038 1491 1137 1552 quan·

70 1565 140 1626 tum
168 1559 298 1622 intersit
324 1560 409 1621 inter
438 1557 605 1621 Thebaida
628 1561 660 1620 et
688 1559 802 1622 siluas:
835 1558 900 1637 illa,
929 1561 965 1621 ut
993 1561 1042 1621 est
1071 1557 1137 1621 ‘bis

71 1669 167 1712 senos
196 1647 333 1709 multum
360 1645 497 1729 uigilata
524 1666 581 1728 per
609 1631 738 1728 ainnos',
770 1645 856 1709 docti
885 1645 989 1728 operis
1017 1667 1138 1710 nomen

69 1737 291 1820 honoremque
323 1733 466 1816 affectat3
503 1732 596 1814 haee,
632 1736 669 1796 ut
698 1755 735 1797 ex
759 1733 878 1798 libellis
912 1734 1019 1798 subito
1052 1733 1139 1798 natis

72 1827 239 1906 constant,
272 1845 336 1887 uno
369 1821 491 1906 ingenii
523 1821 618 1884 titulo
652 1823 926 1888 commendantur.
978 1822 1033 1887 sed
1065 1823 1139 1886 uide

73 1913 178 1995 simul,
201 1911 277 1996 quid
300 1913 446 1976 ueterum
464 1909 619 1974 iudicium
643 1932 662 1974 a
685 1913 797 1974 nostro
817 1909 922 1976 distet.
961 1933 1033 1976 cum
1053 1913 1139 1976 enim

71 2023 90 2064 a
109 2005 224 2084 poetae
243 2000 442 2083 temporibus
461 2019 519 2082 per
537 2001 640 2062 totam
660 1997 887 2082 antiquitatem
907 2000 1035 2064 doctam
1055 1999 1138 2064 The-

70 2089 168 2152 baida
202 2089 437 2152 admirarentur
471 2109 597 2172 unaque
630 2109 703 2152 cum
735 2086 874 2172 Uergilii
905 2085 1048 2153 Aeneide
1080 2111 1139 2173 pro

71 2198 194 2242 canone
217 2177 389 2261 haberent,
413 2177 468 2241 sed
492 2177 588 2241 nauci
611 2177 756 2242 facerent
780 2177 878 2241 siluas
902 2177 985 2241 forte
1008 2176 1139 2242 fortuna

69 2266 106 2328 in
130 2265 223 2329 unico
248 2266 356 2330 codice
380 2270 538 2330 seruatas:
567 2287 627 2329 nos
652 2269 777 2350 eontra,
800 2286 881 2350 quae
908 2288 995 2330 nunc
1018 2269 1068 2330 est
1091 2266 1139 2329 iu·

71 2353 199 2417 dicandi
220 2375 345 2438 norma,
367 2353 434 2418 fere
454 2353 646 2437 despicimus
666 2353 834 2418 Thebaida
852 2353 889 2419 ut
908 2377 989 2438 opus
1008 2357 1141 2437 propter

69 2442 176 2523 ipsam
199 2440 380 2506 doctrinam
403 2441 544 2505 ieiunum
572 2442 840 2528 languidumque,
868 2443 924 2506 sed
952 2441 1139 2506 adamamus

70 2530 172 2593 siluas
195 2528 317 2614 ingenii
340 2531 446 2595 calore
469 2533 501 2594 et
524 2531 593 2594 sine
616 2529 689 2594 fuco
713 2529 811 2616 longe
834 2531 979 2615 quaesito
1004 2530 1139 2614 scriptas

68 2618 289 2702 uellemusque
317 2619 395 2682 totis
424 2617 509 2682 illius
539 2617 706 2683 duodecim
728 2619 838 2703 libris,
872 2619 897 2682 si
925 2620 994 2683 fieri
1021 2619 1140 2704 liceret,

68 2706 226 2770 redimere
255 2707 374 2770 alteros
401 2707 516 2770 harum
545 2707 694 2791 quinque.
739 2707 808 2792 ipse
836 2707 935 2792 igitur
963 2709 1042 2773 artis
1068 2709 1140 2773 doc-

68 2795 240 2879 trinaeque
264 2794 298 2858 in
323 2793 413 2860 siluis
433 2795 576 2860 defectus
596 2796 759 2880 displicuit
777 2797 948 2860 ueteribus.
980 2819 1140 2880 nusquam

69 2887 180 2948 autem
208 2883 311 2968 magis
340 2883 448 2948 iacent
475 2883 549 2946 illae
573 2906 669 2967 quarn
691 2884 748 2948 ubi
773 2881 821 2970 (in
844 2885 1139 2968 comparationibus

68 2971 223 3058 maxime)
251 2994 302 3036 res
330 2971 570 3056 mythologicae
599 2973 812 3057 attinguntur.
857 2974 892 3037 in
916 2973 1050 3058 reliquis
1075 2997 1140 3040 om-

66 3061 166 3124 nibus
191 3059 374 3125 sufficiebat
397 3059 462 3124 fere
485 3060 654 3144 ingenium
674 3066 705 3124 et
723 3082 875 3126 uersuum
893 3062 1139 3147 pangendorum

69 3149 280 3234 experientia,
303 3149 440 3213 uirtutes
465 3146 569 3213 Statio
594 3149 686 3233 quasi
711 3149 796 3213 domi
820 3154 930 3214 natae:
954 3150 1140 3235 in'mytho-

68 3236 186 3321 logicis
206 3259 288 3320 opus
304 3240 375 3301 erat
388 3235 536 3301 doctrina
551 3241 583 3301 et
597 3236 638 3302 ad
656 3237 740 3302 hane
759 3240 1010 3323 comparandam
1025 3241 1141 3305 studio.

68 3347 169 3409 quam
201 3326 236 3389 in
268 3348 336 3390 rem
369 3347 442 3390 curn
474 3329 619 3410 tempore
648 3326 836 3391 deficeretur
863 3349 999 3412 cumque
1029 3331 1142 3393 contra

67 3414 218 3499 parergis
251 3414 353 3479 doctis
386 3435 454 3478 non
486 3415 584 3478 uellet
620 3416 716 3497 plane
749 3419 894 3499 expertes
927 3438 996 3481 0000
1028 3439 1141 3481 uersus

69 3523 158 3586 suos,
191 3502 231 3566 ab
263 3502 324 3567 hac
356 3505 448 3586 parte
480 3503 748 3570 inconsideratius
781 3507 876 3590 atque
910 3505 989 3570 adeo
1022 3509 1141 3570 temere

124 3605 210 3646 Snarn
225 3605 327 3648 smum.
908 3608 927 3661 b
