2534 3960
110 237 163 274 mn
453 214 624 272 EDITORIS
643 214 859 271 PRAEFATIO.

115 383 196 446 quas
232 361 268 426 in
304 359 508 446 Sangallensi
543 381 578 424 re
614 379 692 425 uera
728 360 874 426 extitisse
909 381 1087 444 numquam
1122 362 1182 428 tibi

112 449 323 534 persuadeas,
355 449 485 514 silentio
512 448 719 533 praeteritam
747 451 885 534 suntque
914 449 949 514 in
976 449 1023 513 eis
1050 450 1182 516 maioris

115 539 272 604 momenti
299 537 386 603 haud
416 557 547 621 paucae.
596 537 704 621 itaque
733 557 801 602 non
829 559 962 622 possum
992 536 1183 622 adstipulari

113 625 235 692 Nohlio
255 626 491 691 dissertationis
509 625 658 691 laudatae
676 646 753 711 pgg.
767 624 1068 692 28-30P01itieni
1086 627 1183 693 oolla-

114 715 258 780 tionibus
280 736 441 780 summam
463 713 559 779 tidem
582 713 771 778 uindicanti.
806 714 853 778 eis
872 718 979 779 autem
1001 714 1092 798 loeis,
1115 717 1184 800 qui-

113 805 174 868 bus
201 801 381 868 Politianus
408 801 492 867 nihil
524 802 705 887 adnotant,
736 802 892 867 lectiones
919 803 993 868 edit
1025 803 1183 888 principis

118 889 167 977 (a)
186 893 257 956 tum
275 892 403 956 demum
421 890 484 955 fide
500 894 576 956 sunt
589 889 716 976 dignae,
738 912 812 956 eum
826 891 971 957 oodieum
984 891 1182 977 reliquorum

115 977 169 1060 [Ο]
188 979 384 1045 testimoniis
404 979 647 1064 confirmantem
670 978 880 1044 diffidendum
894 979 968 1065 illia,
990 979 1047 1044 ubi
1070 980 1182 1046 abhis

113 1068 273 1133 recedunt
318 1068 387 1152 sed,
422 1088 505 1152 quae
539 1071 589 1132 est
619 1068 716 1133 huius
742 1071 873 1132 nostrae
904 1067 1054 1134 editionis
1090 1068 1184 1154 ratio,

114 1157 243 1329 onpispis
273 1155 447 1222 leuioribus
474 1156 539 1220 nisi
568 1157 713 1240 potiores
736 1156 911 1241 scripturas
935 1177 973 1220 ex
996 1174 1017 1220 a
1038 1177 1104 1222 non
1128 1157 1183 1221 ad·

112 1247 148 1308 tu
162 1245 223 1310 i*.

159 1325 160 1328 '
204 1330 424 1418 sangallensis
449 1336 523 1397 ante
547 1355 575 1398 a.
601 1333 686 1398 1442
709 1353 778 1399 non
799 1333 978 1417 descriptus
1001 1354 1071 1398 esse
1093 1333 1184 1398 uide-

114 1425 182 1504 tur3
207 1421 247 1486 of.
270 1419 505 1486 amoenans
528 1425 651 1504 quaest.
678 1420 816 1488 Statian.
834 1443 864 1505 p.
878 1421 909 1485 4.
935 1420 998 1485 hoo
1020 1421 1086 1486 fere
1104 1424 1185 1486 tem·

113 1508 1078 1683 {isitplt‘tlttllttttttilietitillet?
1093 1533 1185 1664 eti:

114 1684 178 1751 duo
203 1685 337 1751 codices.
383 1707 519 1770 quorum
541 1687 630 1771 prior
653 1689 702 1751 est
724 1685 957 1770 Retda'peroma
980 1684 1009 1752 S.
1028 1686 1053 1765 Ι,
1077 1687 1107 1765 6,
1133 1687 1184 1771 17,

114 1774 152 1838 de
180 1796 244 1859 quo
268 1775 447 1840 accuratius
471 1774 539 1859 egit
566 1772 603 1838 Ο.
625 1773 821 1839 Ribbeokius
845 1774 1031 1858 appendicis
1061 1774 1185 1862 Uergil.

113 1862 214 1946 praef.
244 1885 275 1946 p.
304 1863 456 1928 26-28.
508 1862 655 1927 imitatur
684 1865 793 1928 autem
822 1861 876 1928 hio
905 1863 987 1928 liber
1017 1865 1181 1948 antiquam

114 1951 320 2034 scripturam,
342 1950 427 2015 unde
449 1971 618 2034 perperam
641 1951 727 2016 dooti
748 1951 898 2016 nonnulli
922 1951 1058 2035 saeculo,
1082 1953 1110 2016 si
1133 1952 1184 2018 dis

112 2039 227 2124 placet,
249 2038 330 2103 XJH
353 2040 406 2104 uel
427 2037 507 2102 XIV
530 2038 747 2125 adsignabant
777 2039 922 2114 eundem.
966 2039 1063 2104 huius
1085 2041 1183 2105 libra-

112 2128 180 2191 rius
202 2127 297 2192 latini
323 2127 480 2192 sermonis
503 2149 605 2212 paene
619 2129 761 2213 ignarus,
784 2150 857 2193 eum
876 2127 1066 2212 depingeret
1079 2150 1184 2194 exem-

112 2215 212 2299 plaris
243 2215 374 2300 duetus,
406 2216 488 2280 loeis
522 2216 682 2300 plerisque
717 2238 806 2281 mera
834 2216 1007 2282 uerborum
1037 2220 1188 2282 monstra

114 2303 256 2388 exhibet;
284 2325 363 2368 nam
394 2303 480 2389 quod
511 2304 814 2388 interpolationibus
842 2304 980 2368 refertus
1009 2309 1058 2370 est
1085 2326 1182 2390 saepe
1245 2381 1248 2389 Ι

114 2393 246 2479 crassis,
272 2413 340 2458 non
366 2393 429 2477 ipsi
453 2392 508 2457 sed
532 2395 599 2458 eiua
623 2393 797 2478 exemplari
820 2392 916 2476 eulpa
938 2392 1053 2458 danda.
1097 2393 1184 2458 Reh-

115 2481 262 2567 digerani
285 2481 389 2547 adhue
411 2481 485 2566 plus
504 2482 589 2546 iusto
609 2482 770 2546 aestimati
789 2481 995 2546 collationem
1014 2481 1186 2568 diligenter

112 2569 232 2634 factam
264 2570 342 2635 olim
370 2570 465 2648 nobis
493 2568 582 2633 dedit
607 2569 648 2632 H.
671 2568 820 2635 Nohlius.
864 2568 939 2634 huie
965 2568 1048 2635 libro
1073 2573 1184 2638 auoto-

113 2657 211 2721 ritate
234 2658 331 2742 plane
353 2679 413 2742 par
436 2661 485 2722 est
507 2657 608 2722 eodex
630 2659 794 2736 Rudanas,
816 2679 902 2722 nuno
920 2655 1185 2724 Uindobonensis

115 2744 179 2829 (nr.
203 2746 269 2810 252
296 2744 395 2829 apud.
416 2744 648 2810 Endlioherum
671 2746 687 2810 l
709 2769 739 2831 p.
765 2745 853 2832 144),
880 2769 900 2811 a
927 2746 1023 2812 doato
1050 2747 1185 2812 librario

117 2835 257 2918 scriptus
281 2837 314 2898 et
337 2833 379 2897 ab
402 2834 466 2900 ista
483 2833 701 2919 Rehdigerani
718 2835 925 2921 neglegentia
943 2835 1072 2919 quidem
1094 2835 1186 2920 liber,

115 2922 169 2986 sed
195 2944 214 2986 a
227 2922 366 3007 propriis
380 2921 686 3007 interpolationibus
699 2945 758 2988 neo
771 2924 841 3008 ipse
855 2923 1006 2988 inmunia
1043 2927 1184 2989 ceterum

112 3011 147 3074 in
176 3009 318 3076 Budensi
345 3031 522 3095 numquam
549 3011 762 3077 recedendum
790 3034 810 3077 a
836 3033 936 3076 manu
962 3013 1081 3097 prima3
1107 3033 1185 3078 nam

150 3173 161 3178 -
175 3173 328 3180 ...ῳ-...-

184 3254 392 3327 1ἢιιὶιὶιιιιιιιᾳιιιι
410 3256 494 3312 Polit.
513 3256 598 3312 alicui
616 3245 731 3313 lectioni
749 3257 799 3312 aut
818 3273 897 3312 suam
916 3258 966 3313 aut
982 3257 1101 3312 Domitii
1120 3274 1186 3314 eon-

114 3326 251 3382 ieoturam
284 3326 446 3397 adscripsit,
476 3326 543 3398 quin
570 3327 650 3383 illam
682 3327 713 3381 in
746 3327 921 3398 sangallensi
947 3326 1102 3399 reppererit
1126 3346 1185 3384 non

115 3397 239 3452 dubitari
266 3400 367 3468 potest.
403 3397 501 3467 itaque
528 3397 634 3453 talibus
662 3415 773 3470 quoque
799 3397 867 3453 loeis
895 3403 918 3451 Δ
946 3399 1019 3470 sigla
1044 3399 1186 3454 interdum

113 3486 178 3523 usus
197 3487 265 3524 sum.
