2534 3948
422 223 608 280 SILUARUM
627 225 658 280 L.
677 225 725 296 111,
746 233 769 280 1.
1091 225 1133 288 69

58 367 190 432 Paruus
215 367 318 432 adhuc
341 368 518 454 similisque
539 369 599 454 tui,
622 389 695 434 cum
717 370 823 454 prima
845 389 1003 435 nouercae

58 455 215 520 Monstra
237 478 336 520 manu
358 477 519 540 premeres
542 462 639 542 atque
663 459 846 522 exanimata
868 459 1000 524 doleres.

63 543 128 609 Sed
153 565 313 628 quaenam
336 545 434 609 subiti
457 546 641 611 ueneranda
664 547 794 611 exordia
816 547 939 631 templi,

62 631 126 696 Dic
151 652 220 717 age,
243 630 400 718 Calliope3
424 635 528 698 socius
551 633 612 699 tibi
636 635 757 720 grande
781 636 911 700 sonabit

62 721 197 785 Alcides
220 723 377 804 tensoque
400 722 514 787 modos
537 722 719 788 imitabitur
742 743 826 787 arcu.

63 809 207 892 Tempus
229 812 310 893 erat,
333 810 413 873 caeli
436 832 508 874 eum
531 811 788 876 torrentissimus
812 813 880 877 axis

60 896 345 961 Incumbitterris
367 894 514 982 ictusque
537 898 725 982 Hyperione
747 901 850 964 multo

62 985 152 1049 Acer
175 984 357 1052 anhelantis
380 986 525 1050 incendit
548 985 650 1052 Sirius
674 1008 779 1073 agros.

61 1074 197 1158 lamque
220 1073 289 1137 dies
312 1071 432 1157 aderat,
454 1075 601 1160 profugis
625 1095 696 1140 cum
721 1077 851 1162 regibus
875 1079 987 1160 aptum

63 1161 185 1225 Fumat
207 1161 376 1225 Aricinum
400 1161 530 1227 Triuiae
553 1185 667 1228 nemus
690 1168 725 1229 et
747 1165 817 1229 face
840 1166 944 1229 multa

64 1248 225 1314 Conscius
247 1248 420 1334 Hippolyti
443 1251 590 1334 splendet
611 1253 715 1335 lacus3
738 1254 811 1336 ipsa
833 1257 968 1318 coronat

60 1337 228 1402 Emeritos
250 1337 358 1402 Diana
381 1358 476 1403 canes
500 1343 533 1403 et
556 1341 680 1422 spicula
702 1344 810 1426 terget

62 1425 111 1490 Et
134 1428 221 1490 tutas
243 1425 322 1489 sinit
344 1426 391 1490 ire
413 1427 513 1512 feras,
536 1428 705 1513 omnisque
729 1429 853 1513 pudicis

60 1513 150 1578 Itala
171 1517 260 1578 terra
281 1513 364 1579 loeis
386 1514 583 1580 Hecateidas
602 1518 723 1581 excolit
745 1517 826 1581 idus.
1099 1533 1133 1583 oo

63 1602 131 1665 Ast
154 1623 225 1686 ego,
246 1600 432 1668 Dardaniae
455 1605 603 1688 quamuis
625 1605 687 1669 sub
709 1605 847 1670 collibus
870 1604 975 1669 Albae

61 1691 134 1754 Rus
156 1689 324 1774 proprium
348 1691 521 1843 magnique
545 1691 635 1757 ducis
658 1693 738 1758 mihi
761 1713 891 1758 munere
913 1710 1045 1758 currens

62 1777 161 1842 Unda
183 1778 270 1843 domi
294 1797 466 1844 curas·mu
482 1799 552 1844 cere
576 1784 746 1865 aestusque
769 1783 877 1846 leuare

63 1865 269 1950 Sufficerent,
294 1870 389 1931 notas
412 1865 561 1932 Sirenum
584 1871 716 1934 nomine
739 1891 835 1954 rupes

62 1953 272 2038 Facundique
294 1955 395 2019 larem
418 1955 503 2021 Polli
525 1977 593 2022 non
615 1957 733 2042 hospes
757 1958 925 2037 habebam,

61 2041 203 2106 Assidue
227 2062 397 2128 moresque
420 2043 484 2108 uiri
506 2065 682 2130 pacemque
704 2064 871 2129 nouosque

62 2129 229 2195 Pieridum
252 2131 346 2195 flores
370 2133 555 2216 intactaque
579 2134 723 2200 carmina
744 2134 880 2198 discens.

62 2218 162 2282 Forte
186 2217 270 2283 diem
293 2217 425 2284 Triuiae
449 2220 524 2284 dum
548 2221 644 2286 litore
668 2221 812 2286 ducimus
834 2221 899 2286 udo

62 2307 296 2391 Augustusque
318 2307 405 2372 fores
429 2311 621 2394 assuetaque
643 2313 730 2374 tectu
752 2309 881 2395 grauati

64 2393 248 2460 Frondibus
272 2399 305 2459 et
327 2397 439 2480 patula
462 2395 662 2462 defendimus
685 2399 801 2463 arbore
824 2399 918 2482 soles,

64 2482 205 2547 Delituit
228 2483 351 2547 caelum
375 2487 407 2548 et
430 2484 546 2549 subitis
569 2487 624 2550 lux
647 2484 783 2550 candida
805 2487 904 2550 cessit

61 2570 214 2636 Nubibus
238 2593 275 2636 ac
297 2573 405 2636 tenuis
429 2573 578 2657 grauiore
600 2574 764 2640 Fauonius
788 2577 899 2639 austro

61 2659 241 2742 lnmaduit3
264 2661 393 2745 qualem
416 2660 539 2745 Libyae
562 2661 716 2728 Saturnia
738 2661 885 2727 nimbum

65 2748 197 2830 Attulit
220 2747 322 2814 Iliaco
346 2749 422 2813 dum
444 2749 537 2814 diues
559 2747 669 2817 Elissa
692 2751 809 2816 marito

61 2836 214 2900 Donatur
236 2839 399 2921 testesque
422 2837 550 2902 ululant
572 2860 629 2923 per
652 2840 746 2904 deuia
767 2839 940 2924 nymphae.

63 2923 271 3008 Diffugimus,
294 2924 458 3009 festasque
482 2925 580 3010 dapes
604 2927 815 3012 redimitaque
839 2929 916 2992 uina

62 3012 244 3095 Abripiunt
266 3012 382 3078 famuli
404 3036 464 3079 nec
488 3036 551 3099 quo
575 3017 726 3080 conuiuia
749 3016 899 3102 migrent,

134 3332 169 3382 48
193 3327 305 3383 doleres
329 3332 361 3382 52
384 3328 494 3384 dolores
517 3334 540 3382 A
563 3333 663 3400 clleo
686 3329 848 3385 hecateidas
871 3333 908 3384 A:
933 3331 1094 3386 echateidas
1117 3339 1135 3384 ο

60 3399 208 3456 hecateias
225 3399 307 3454 Dom.
321 3401 331 3468 ΙΙ
351 3405 384 3454 69
403 3400 602 3470 Augustusque
620 3405 643 3453 A
663 3407 689 3472 ο,
708 3417 777 3456 corr.
798 3401 965 3471 §lgrauati
984 3420 1015 3456 a:
1035 3418 1134 3472 graua-

61 3470 100 3525 tis
118 3474 142 3522 A
161 3476 192 3535 ⁰3
207 3470 299 3539 possis
317 3475 342 3524 et
359 3471 504 3540 pauentis
525 3473 601 3542 (tes)
615 3475 624 3540 ΙΙ
639 3478 671 3526 71
692 3472 804 3527 condita
822 3471 957 3528 Haustus
