2534 3948
514 235 545 291 P.
567 233 701 290 PAPlNlI
720 233 841 289 STATII

637 483 727 550 VllI.

317 641 554 700 GRATULATIO
572 640 622 696 AD
640 639 772 695 IULIUM
790 638 1057 698 MENECRATEH.

150 770 261 835 Pande
284 770 371 835 fores
395 789 547 852 superum
569 767 751 852 uittataque
772 768 895 851 templa
918 763 1052 833 Sabaeis

147 858 299 924 Nubibus
323 861 356 922 et
376 855 537 941 pecudum
559 855 648 920 libris
672 855 872 940 spirantibus
895 855 991 938 inple,

147 947 367 1029 Parthenope3
390 944 469 1009 clari
492 964 595 1029 genus
619 963 691 1008 ecce
713 941 916 1008 Menecratis
930 946 1029 1027 auget

150 1034 262 1099 Tertia
284 1034 350 1099 iam
374 1032 512 1098 soboles.
547 1052 718 1115 procerum
740 1032 802 1096 tibi
824 1031 932 1097 nobile
956 1031 1077 1116 uulgus

149 1122 275 1189 Crescit
298 1126 330 1187 et
352 1121 461 1185 insani
483 1120 607 1184 soletur
629 1120 748 1184 damna
770 1111 898 1185 Ueseui.
1203 1133 1217 1182 5

148 1209 217 1275 Nee
242 1210 349 1276 solum
370 1209 472 1286 festas
496 1211 602 1272 erecta
624 1206 779 1292 Neapolis
803 1225 877 1273 aras

146 1298 294 1363 Ambiat:
318 1302 351 1363 et
374 1297 452 1362 socii
475 1301 588 1380 portus
612 1297 793 1382 dilectaque
814 1296 888 1361 miti

147 1387 248 1452 Terra
270 1385 449 1452 Dicarcheo
472 1406 531 1449 nec
553 1406 623 1449 non-
643 1386 742 1470 plaga
765 1407 840 1450 cara
862 1384 1005 1449 madenti

147 1471 338 1540 Surrentina
360 1473 420 1539 deo
444 1474 538 1539 sertis
561 1473 677 1538 altaria
700 1473 823 1558 cingat,

150 1564 290 1629 Materni
313 1585 378 1648 qua
399 1562 477 1628 litus
501 1562 563 1646 aui,
586 1583 682 1646 quem
704 1564 801 1627 turba
823 1564 979 1646 nepotum
1188 1576 1216 1624 10

148 1650 271 1717 Circuit
296 1657 328 1714 et
352 1651 473 1717 similes
496 1650 662 1716 contendit
683 1650 814 1714 reddere
834 1651 957 1716 uultus.

148 1739 296 1804 Gaudeat
319 1741 351 1803 et
373 1737 498 1820 Libyca
519 1738 701 1823 praesignis
725 1739 903 1804 auunculus
926 1737 1037 1818 hasta,

150 1827 303 1910 Quaeque
326 1825 390 1890 sibi
413 1826 541 1910 genitos
563 1829 659 1909 putat
681 1826 866 1911 attollitque
888 1826 1031 1910 benigno

150 1914 244 1978 Polla
267 1914 348 1978 sinu.
385 1917 500 1997 macte,
519 1935 538 1978 o
561 1913 697 1998 iuuenis,
721 1915 777 2000 qui
799 1919 893 1979 tanta
915 1913 1054 1978 merenti

147 2002 286 2067 Lumina
309 2000 366 2066 das
389 2002 523 2085 patriae.
559 2001 645 2068 didoi
667 2002 778 2068 tremit
800 2023 873 2069 ecce
895 2002 1038 2068 unuin
1188 2017 1217 2066 15

149 2091 213 2156 Tot
235 2091 374 2156 dominis
399 2091 538 2156 clamata
560 2089 683 2156 domus.
718 2091 832 2175 procul
854 2094 926 2156 atra
946 2089 1079 2170 recedat

146 2179 275 2244 Inuidia
299 2182 396 2263 atque
420 2179 483 2244 alio
505 2179 641 2246 liuentia
662 2182 796 2263 pectora
817 2179 941 2244 flectat:

147 2266 209 2333 His
233 2268 358 2332 senium
380 2267 562 2352 longaeque
585 2268 682 2333 decus
705 2268 837 2332 uirtutis
861 2269 893 2331 et
916 2266 990 2330 alba

149 2354 293 2440 Atropos
318 2359 351 2419 et
373 2355 498 2439 patrius
521 2355 629 2420 lauros
652 2355 802 2439 promisit
823 2353 951 2438 Apollo.

148 2443 238 2529 Ergo
263 2442 349 2528 quod
371 2442 536 2508 Ausoniae
558 2446 651 2528 pater
674 2443 923 2530 augustissimus
946 2441 1037 2508 urbis
1189 2459 1220 2507 ro

148 2531 204 2596 lus
227 2532 290 2596 tibi
311 2532 510 2616 tergeminae
535 2529 666 2596 dederat
687 2531 839 2596 laetabile
861 2529 974 2615 prolis,

149 2617 253 2686 Omen
277 2623 354 2684 erat.
390 2620 481 2684 uenit
503 2621 623 2685 totiens
645 2617 769 2684 Lucina
791 2620 943 2706 piumque

147 2705 290 2773 intrauit
311 2708 450 2792 repetita
472 2708 581 2772 larem.
619 2707 664 2773 sio
687 2707 813 2792 fertilis,
835 2722 902 2792 oro,

148 2792 220 2860 Stet
242 2794 356 2860 domus
380 2799 413 2860 et
436 2796 527 2861 donis
550 2818 727 2881 numquam
749 2796 872 2862 nudata
896 2795 1041 2860 sacratis.

218 3127 292 3185 VIII.
314 3123 439 3184 Timum
457 3143 491 3182 ex
508 3132 532 3179 A
551 3133 568 3180 0
587 3127 650 3183 decii
663 3129 702 3198 [16
718 3129 812 3184 erecta
829 3129 941 3196 scripsi:
960 3129 1073 3184 secreta
1089 3132 1114 3182 Δ
1129 3130 1149 3182 0
1166 3130 1222 3185 lae·

147 3199 209 3252 tata
228 3196 333 3255 Morti.
356 3199 366 3268 l
389 3201 404 3253 7
424 3198 488 3252 miti
507 3204 524 3249 0
543 3217 574 3252 ιι
598 3199 674 3254 mitis
693 3199 773 3255 Dora.
797 3200 807 3268 ΙΙ
829 3204 845 3252 8
865 3197 1006 3256 dicarchei
1025 3203 1042 3250 0
1062 3214 1087 3268 a,
1105 3201 1220 3256 com.

147 3267 320 3324 Dicarcheae
340 3269 469 3338 Martii!
484 3275 515 3322 11
536 3269 622 3324 simili
640 3300 674 3309 -
693 3270 774 3324 uultu
792 3269 928 3324 Heinsius
947 3271 959 3339 ΙΙ
977 3275 1010 3325 15
1029 3269 1109 3325 dulci
1128 3299 1163 3312 -—
1181 3274 1219 3325 tu-

148 3339 240 3393 multu
259 3343 294 3394 A:
313 3339 402 3394 dulcis
422 3370 456 3378 -
474 3340 613 3394 tumultus
631 3345 650 3391 0
665 3340 670 3409 Ι
685 3340 782 3395 fremit
794 3340 942 3396 Heinsius:
961 3340 1063 3410 strepit
1081 3343 1143 3410 ipsc
1161 3344 1221 3397 olim

148 3410 252 3465 conieci
273 3410 285 3478 ss
307 3416 340 3465 17
358 3409 466 3464 lumina
483 3409 583 3464 flectat
601 3410 706 3465 Marici.
725 3412 735 3479 ΙΙ
755 3417 787 3465 19
807 3411 899 3466 lauros
919 3416 937 3466 ς
956 3429 986 3464 ιι
1005 3411 1085 3466 lauro
1105 3417 1124 3464 0
1141 3415 1146 3482 Ι
1162 3429 1221 3483 pro

14 3531 15 3536 ,
146 3480 236 3536 mittit
254 3481 360 3536 Mariti.
375 3481 385 3548 l
399 3485 434 3534 24
451 3480 559 3534 nudata
577 3481 664 3534 idom
682 3483 794 3536 mutata
812 3486 829 3532 0
848 3499 865 3534 a
