2534 3960
149 245 193 309 50
521 245 552 300 P.
571 245 709 301 ΡΑΡΙΝῚΙ
728 245 852 302 STATII

147 387 320 455 Deseruire
342 389 437 454 bonis
461 410 651 474 semperque
674 395 786 474 optare
808 390 930 474 parati,
1177 410 1223 458 130

150 476 340 562 Spargimur
362 477 397 541 in
420 499 533 542 easusr
557 478 642 543 celsa
664 482 702 542 tu
725 479 843 543 mentis
867 477 908 543 ab
931 499 1004 543 aroc

147 564 296 649 Despicis
321 568 464 631 errantes
487 566 693 652 humanaque
717 566 835 652 gaudia
857 566 951 632 rides.

149 653 289 738 Tempus
314 657 393 738 erat,
414 675 487 718 eum
509 656 543 719 te
566 655 713 739 geminae
737 655 892 739 suffragia
914 657 1019 720 terrae

147 742 338 826 Diriperent
360 742 528 828 celsusque
553 742 632 807 duas
655 743 810 808 uehe'rere
832 764 891 827 per
912 743 1019 828 urbes,

147 829 226 895 Inde
249 829 437 896 Dicarcheis
461 831 599 896 multum
622 831 805 896 uenerande
826 831 958 915 colonis,
1132 835 1141 848 '
1176 851 1219 901 135

149 918 235 984 Hinc
259 919 380 984 adscite
404 919 495 1003 meis,
518 919 704 1004 pariterque
726 920 778 984 his
801 921 911 1004 largus
936 923 968 984 et
990 920 1056 985 illis

146 1008 196 1072 Ac
218 1007 358 1072 iuuenile
382 1007 490 1073 calens
513 1008 693 1092 plectrique
717 1029 823 1073 errore
849 1008 1014 1092 superbus.

146 1096 193 1159 At
214 1117 301 1160 nunc
323 1096 470 1160 discussa
492 1117 600 1160 rerum
624 1096 762 1182 ealigine
785 1117 899 1161 uerum

146 1183 277 1266 Aspicis
301 1182 373 1268 (illo
397 1183 453 1248 alii
475 1204 587 1248 rursus
610 1184 770 1249 iactentur
792 1185 826 1250 in
850 1181 956 1269 altol),

146 1270 192 1336 Et
214 1275 271 1336 tua
295 1292 425 1336 securos
447 1275 562 1355 portus
585 1272 809 1357 placidamque
833 1273 975 1357 quietem
1173 1295 1218 1345 110

146 1359 287 1425 Intrauit
308 1381 376 1424 non
399 1381 517 1443 quassa
541 1361 631 1425 ratis.
677 1361 722 1425 sic
745 1382 844 1446 perge
866 1383 926 1425 neo
949 1381 1105 1447 nmquam

147 1447 328 1513 Emeritam
351 1448 386 1511 in
408 1452 537 1514 nostras
565 1471 706 1533 puppem
730 1449 863 1516 demitte
885 1450 1053 1533 proeellas.

145 1535 256 1601 Uiuite
280 1536 392 1621 securi,
415 1559 552 1621 quorum
576 1538 614 1602 de
637 1540 768 1621 pectore
791 1537 911 1602 mixtae

145 1623 185 1688 Iu
208 1625 343 1710 longum
368 1625 471 1691 coiere
493 1626 580 1691 faces
605 1630 800 1709 sanctusque
823 1626 957 1710 pudicae

148 1711 264 1777 Seruat
287 1713 448 1778 amicitiae
470 1714 560 1798 leges
582 1734 683 1779 amor.
728 1713 773 1779 ite
796 1735 980 1798 perennes
1170 1735 1217 1785 145

147 1799 345 1885 Saeculaque
370 1803 402 1864 et
424 1801 550 1884 priseae
573 1802 687 1867 titulos
710 1803 892 1886 praecedite
915 1802 1030 1868 famae.

147 1888 267 1974 Tuque,
289 1910 394 1954 nurus
412 1889 498 1952 inter
520 1889 618 1974 longe
663 1939 1045 1957 ........

147 2025 581 2043 .........
626 1979 815 2061 praecordia
837 2000 941 2062 curae,
976 2025 979 2031 ,
1026 2002 1030 2010 ·

145 2063 221 2131 Non
242 2065 385 2130 frontem
409 2087 537 2132 secuere
560 2067 677 2151 minae,
701 2067 757 2132 sed
780 2067 916 2132 eandida
940 2089 1066 2152 semper
1185 2130 1187 2138 s

147 2153 273 2220 Gaudia
295 2155 385 2219 etin
407 2156 500 2220 uultu
523 2175 672 2220 curarum
695 2155 811 2240 ignara
832 2156 998 2240 uoluptas3

145 2241 222 2308 Non
243 2241 304 2306 tibi
328 2243 486 2326 sepositas
509 2243 622 2309 infelix
646 2242 830 2328 strangulat
852 2267 927 2309 arca
1168 2267 1217 2315 150

143 2328 285 2394 Diuitias
309 2330 436 2395 auidiue
460 2332 604 2396 animum
626 2332 795 2414 dispendia
815 2337 969 2417 torquent

144 2417 294 2484 Teneris:
318 2419 457 2504 expositi
480 2441 594 2485 census
617 2424 650 2484 et
673 2420 769 2485 docta
790 2420 917 2485 fruendi

146 2506 340 2590 Temperies.
385 2531 452 2572 non
475 2509 541 2573 ulla
564 2509 624 2574 deo
647 2509 780 2574 meliore
803 2509 975 2574 cohaerent

145 2594 290 2680 Pectora,
313 2618 381 2661 non
405 2597 485 2661 alias
510 2597 616 2661 decuit
639 2597 810 2662 concordia
832 2601 966 2662 mentes.

216 2899 266 2948 135
285 2897 356 2962 pcto
375 2897 505 2949 uenerate
523 2897 597 2964 l13⁷
616 2897 780 2964 patriaeque
800 2911 891 2950 errore
910 2895 1079 2966 Modaipiac
1096 2897 1216 2966 plectri-

144 2979 198 3033 que
217 2965 315 3020 decore
335 2964 440 3020 Morti.
459 2968 468 3034 ΙΙ
488 2971 538 3020 139
557 2966 698 3022 iactantur
719 2972 736 3018 0
754 2985 779 3034 s,
801 2982 869 3020 corr.
888 2966 1026 3021 Barttc'uc
1047 2969 1057 3036 1
1081 2973 1135 3023 140
1156 2971 1216 3039 pla

144 3035 291 3105 eidemque
313 3040 337 3087 Δ
358 3042 389 3089 c:
409 3035 597 3106 blandamque
618 3038 637 3089 ς
659 3039 669 3106 ΙΙ
692 3043 743 3091 142
767 3037 884 3092 demitte
903 3041 939 3091 A:
963 3036 1074 3092 dimitte
1093 3041 1141 3109 011
1165 3047 1215 3095 143

141 3105 236 3160 Uiuite
256 3111 288 3159 ς.-
312 3105 419 3161 Discite
438 3113 455 3158 0
474 3125 491 3159 a
513 3106 614 3178 Degite
637 3108 670 3162 L.
692 3109 833 3163 Potsteruc
846 3110 855 3176 l
874 3114 925 3162 141
944 3108 1028 3178 longe
1045 3112 1217 3178 praecordia

61 3183 63 3189 ’
143 3192 223 3230 curae
243 3182 304 3244 ⁰⁸3
323 3177 400 3231 cuius
418 3178 580 3246 praecordia
594 3195 676 3234 curae
695 3179 775 3234 Dom.
798 3179 883 3248 longe
906 3178 1113 3248 pulcherrima,¹
1133 3183 1214 3236 cuius

143 3246 299 3312 Aeantium
328 3247 455 3302 lacunam
481 3251 568 3303 statui
596 3251 605 3319 Η
637 3254 688 3303 148
718 3265 829 3304 secuere
856 3252 917 3316 (acl
943 3251 1065 3320 laesere)
1096 3254 1215 3322 scripsi.¹

142 3322 312 3372 nosceret·
329 3320 438 3373 uenere
455 3319 535 3374 Dom.
555 3322 664 3376 traxere
683 3321 818 3398 Hepesics
831 3323 840 3391 u
855 3326 905 3376 151
926 3321 1037 3376 auidiue
1055 3320 1212 3389 Boethium

144 3389 238 3443 malim
257 3388 410 3458 auidaeque
424 3392 434 3459 ΙΙ
448 3395 500 3446 154
519 3389 614 3446 docuit
632 3397 649 3442 0
668 3410 693 3462 s,
713 3408 780 3446 corr.
802 3397 832 3458 53
853 3409 891 3446 ec
910 3392 997 3448 coluit
1015 3390 1097 3448 Oonc.
1118 3391 1135 3446 1
