2534 3960
133 243 153 306 6
505 242 536 297 P.
555 244 693 300 Parnm
712 245 833 302 solun

130 388 261 474 longius
288 389 442 471 tractum,
470 388 629 472 quaedam
657 393 690 453 et
717 389 751 454 in
778 391 915 476 singulis
946 391 1058 456 diebus
1081 393 1202 479 effusa3

131 497 328 563 quamquam
357 477 456 541 timeo
479 498 521 541 ne
544 487 657 541 uerum
680 477 763 543 istuc
785 499 898 543 uersus
922 501 1049 565 quoque
1072 481 1135 564 ipsi
1161 483 1202 548 de
1213 503 1245 551 20

131 587 165 630 se
188 565 335 649 probent.
379 565 503 647 primus
525 564 653 630 libellus
681 571 923 631 sacrosanctum
945 568 1045 634 habet
1068 571 1202 636 testem:

133 653 324 718 sumendum
346 653 433 717 enim
457 657 527 718 arat
550 652 586 718 ‘a
608 653 684 719 Ioue
706 654 926 739 principium'.
972 660 1114 722 ceterum
1136 659 1202 725 hos

129 762 256 826 uersus,
290 762 371 826 quos
397 742 433 805 in
466 763 584 828 equum
611 743 787 807 maximum
814 743 888 828 feci,
914 745 1201 829 indulgentissimo

129 830 317 915 imperatori
348 833 478 913 postero
511 830 561 895 die
594 852 691 916 quam
723 831 926 896 dedicauerat
958 855 1038 916 opus
1070 835 1201 901 tradere

129 919 236 984 iussus
256 941 337 984 sum.
376 917 527 1002 ‘potuisti
544 918 642 984 illud'
662 919 746 985 dicet
764 921 880 1006 aliquis
900 919 949 984 ‘et
962 925 1038 986 ante
1052 923 1243 990 uidisse'.25

129 1006 340 1091 respondebis
371 1006 419 1070 illi
451 1010 501 1091 tu,
535 1006 636 1072 Stella
668 1007 847 1094 carissime,
879 1009 934 1095 qui
966 1010 1202 1093 epithalamion

129 1100 230 1178 tuum,
250 1095 336 1179 quod
349 1094 430 1159 mihi
443 1095 638 1180 iniunxeras,
658 1097 720 1160 scis
734 1096 834 1162 biduo
848 1098 1013 1182 scriptum.
1046 1098 1203 1164 audacter

129 1184 321 1266 mehercles3
344 1183 400 1248 sed
419 1187 529 1247 tamen
547 1187 676 1248 tautum
693 1205 757 1250 noa
774 1183 853 1251 000
866 1185 1071 1252 hexametros
1089 1188 1202 1253 habet.

130 1276 165 1337 at
187 1271 325 1336 fortasse
348 1276 385 1334 tu
408 1293 467 1354 pro
491 1274 615 1357 collega
638 1273 812 1338 mentieris.
853 1273 1007 1339 Manilius
1032 1279 1118 1340 certe
1132 1275 1201 1342 Uo-

129 1361 247 1444 piscus,
268 1360 319 1424 uir
342 1359 576 1425 eruditissimus
600 1363 633 1424 et
656 1361 710 1444 qui
728 1363 899 1446 praecipue
921 1363 1066 1428 uindicat
1089 1387 1108 1429 a
1132 1366 1200 1430 situ
1210 1385 1242 1433 30

128 1449 253 1514 litteras
281 1449 347 1512 iam
374 1469 476 1532 paene
498 1448 671 1535 fugientes,
694 1451 778 1514 solet
800 1451 885 1515 ultro
909 1473 1036 1536 quoque
1064 1454 1200 1518 nomine

45 1560 48 1566 ’
128 1558 201 1602 meo
238 1537 386 1622 gloriari,
427 1536 538 1601 uillam
575 1536 783 1602 Tiburtinam
820 1561 912 1603 suam
948 1539 1142 1625 descriptam
1181 1566 1202 1606 a

129 1625 224 1691 nobis
248 1647 313 1691 uno
337 1625 397 1690 die.
443 1626 588 1710 sequitur
610 1626 737 1691 libellus
760 1625 883 1692 Rutilio
898 1626 1023 1693 Gallico
1047 1630 1201 1694 conuale-

130 1715 232 1778 scenti
262 1713 438 1797 dedicatus,
468 1713 507 1778 de
534 1737 598 1798 quo
627 1715 709 1780 nihil
736 1715 821 1800 dico,
848 1735 889 1780 no
916 1715 1027 1781 uidear
1055 1717 1202 1783 defuncti

129 1803 222 1867 testis
241 1801 411 1867 occasions
433 1803 573 1867 mentiri.
609 1824 686 1867 nam
700 1801 815 1869 Claudi
828 1803 959 1869 Etrusci
973 1807 1241 1875 testimoniuma

130 1893 192 1975 est,
222 1889 278 1975 qui
304 1889 491 1954 balneolum
519 1913 539 1954 a
565 1912 616 1954 me
646 1913 739 1956 suum
765 1893 854 1956 intra
881 1915 1006 1958 moram
1029 1915 1127 1960 cenae
1149 1917 1200 1960 re-

130 1979 225 2065 cepit.
270 1979 305 2043 in
332 1977 395 2042 fine
424 1982 502 2043 sunt
527 1978 692 2045 Kalendae
716 1980 917 2066 Decembres,
947 1982 1064 2066 quihus
1086 1983 1201 2068 utique

130 2067 284 2133 creditur:
307 2070 437 2132 noctem
460 2069 546 2132 enim
568 2069 659 2133 illam
682 2069 901 2134 felicissimam
925 2075 958 2134 et
973 2071 1200 2155 uoluptatibus

6 2148 18 2166 ⁹
130 2156 269 2239 publicis
291 2156 492 2240 inexpertam
514 2157 671 2223 aucant.
693 2159 772 2222 aula.

650 2369 675 2436 Ι.

360 2507 455 2576 EQUS
474 2508 645 2564 MAXIMUS
663 2509 862 2565 DOMITIANI
880 2510 955 2565 IMP.

131 2615 220 2692 Quae
244 2618 492 2704 superimposito
516 2619 617 2683 moles
640 2619 805 2703 geminata
827 2621 953 2685 colosso

131 2704 205 2769 Stat
226 2703 355 2771 Latium
379 2708 545 2792 complexa
567 2707 695 2771 forum?
718 2708 850 2774 caelone
872 2710 1039 2792 peractum

202 3009 236 3057 20
255 3020 427 3073 quamquam
449 3003 536 3058 timeo
559 3005 671 3072 serpsi:
695 3021 781 3073 quam
799 3004 885 3060 timeo
904 3010 927 3058 Δ
946 3004 1075 3075 quamuis
1092 3005 1200 3062 mimeo

132 3076 172 3142 0ss
186 3079 220 3130 25
238 3074 329 3130 iussus
348 3091 410 3130 sum
429 3078 460 3129 3:
479 3073 587 3128 iussum
606 3080 623 3126 0
641 3094 659 3128 s
671 3077 681 3146 ΙΙ
695 3082 729 3130 28
744 3076 793 3131 sed
806 3078 919 3130 tantum
931 3078 1027 3131 tamen
1041 3080 1200 3133 exametros

132 3151 192 3213 os,
212 3148 319 3200 corrasi
338 3188 345 3202 .
364 3145 413 3200 sed
435 3145 531 3200 tamen
554 3144 727 3200 OOLXXVII
747 3146 809 3201 hex.
832 3147 913 3201 Dum.
936 3147 947 3216 l
970 3153 1004 3201 29
1024 3148 1055 3201 at
1072 3147 1201 3204 Bernar-

130 3217 201 3270 tius:
220 3218 249 3270 et
266 3222 311 3269 cs
326 3219 330 3282 Ι
345 3216 467 3270 Manlius
486 3221 538 3284 οι,
557 3233 626 3271 corr.
646 3217 879 3272 Fra'edlaeadarus
891 3220 901 3288 l
915 3223 949 3272 33
968 3217 1077 3273 Gallico
1096 3234 1201 3275 conua-

131 3287 248 3342 lescenti
265 3287 414 3341 Heinsius:
438 3285 547 3342 Gallico
565 3290 609 3342 est
626 3287 735 3343 ualenti
753 3294 770 3340 c
789 3288 898 3344 Gallico
916 3288 1025 3344 uolenti
1043 3307 1060 3341 a
1072 3289 1082 3358 ΙΙ
1100 3295 1135 3344 39
1155 3307 1200 3345 ca·

131 3357 250 3412 lebrant.
260 3357 325 3412 uals
336 3357 447 3412 addidi:
457 3373 507 3412 om.
519 3364 537 3411 c
547 3375 575 3426 a;
587 3360 671 3428 aalys
680 3359 787 3414 habent
795 3361 911 3415 addim
915 3365 980 3428 post
989 3358 1183 3414 felicissimam

202 3428 223 3483 l.
242 3425 337 3492 EQUS
355 3431 391 3481 A:
413 3427 510 3498 Equus
529 3435 546 3481 0
567 3432 571 3496 Ι
590 3429 664 3483 ΙΜΡ.
683 3435 719 3484 As
738 3429 915 3500 imperatoris
934 3437 952 3482 c
974 3433 984 3502 ΙΙ
1008 3436 1022 3485 1
1047 3447 1129 3500 super
1146 3431 1200 3485 im·

130 3498 223 3568 posito
242 3504 286 3550 os
302 3500 306 3564 ι
321 3498 464 3568 gemmata
480 3519 510 3554 s:
529 3501 672 3570 gemmata
689 3506 712 3553 Δ
731 3505 748 3551 c
