<?xml version="1.0" encoding="UTF-8"?>
<!DOCTYPE html PUBLIC "-//W3C//DTD XHTML 1.0 Transitional//EN"
    "http://www.w3.org/TR/xhtml1/DTD/xhtml1-transitional.dtd">
<html xmlns="http://www.w3.org/1999/xhtml" xml:lang="en" lang="en">
 <head>
  <title>
</title>
<meta http-equiv="Content-Type" content="text/html;charset=utf-8" />
  <meta name='ocr-system' content='tesseract 3.04.00' />
  <meta name='ocr-capabilities' content='ocr_page ocr_carea ocr_par ocr_line ocrx_word'/>
</head>
<body>
  <div class='ocr_page' id='page_1' title='image "./silvae00baehgoog_0020.png"; bbox 0 0 2534 3960; ppageno 0'>
   <div class='ocr_carea' id='block_1_1' title="bbox 403 253 1142 314">
    <p class='ocr_par' dir='ltr' id='par_1_1' title="bbox 403 253 1142 314">
     <span class='ocr_line' id='line_1_1' title="bbox 403 253 1142 314; baseline 0.004 -3"><span class='ocrx_word' id='word_1_1' title='bbox 403 253 588 314; x_wconf 82' lang='lat' dir='ltr'><strong>-EDITORIS</strong></span> <span class='ocrx_word' id='word_1_2' title='bbox 605 255 821 313; x_wconf 78' lang='lat' dir='ltr'>PRAEFATIO.</span> <span class='ocrx_word' id='word_1_3' title='bbox 1105 279 1142 314; x_wconf 83' lang='lat' dir='ltr'>xv</span> 
     </span>
    </p>
   </div>
   <div class='ocr_carea' id='block_1_2' title="bbox 67 399 1142 1285">
    <p class='ocr_par' dir='ltr' id='par_1_2' title="bbox 67 399 1142 1285">
     <span class='ocr_line' id='line_1_2' title="bbox 67 399 1139 487; baseline 0.003 -23"><span class='ocrx_word' id='word_1_4' title='bbox 67 400 140 465; x_wconf 83' lang='lat' dir='ltr'>fero</span> <span class='ocrx_word' id='word_1_5' title='bbox 162 401 214 484; x_wconf 78' lang='lat' dir='ltr'>fit,</span> <span class='ocrx_word' id='word_1_6' title='bbox 236 401 337 466; x_wconf 89' lang='lat' dir='ltr'>nimio</span> <span class='ocrx_word' id='word_1_7' title='bbox 361 401 500 487; x_wconf 87' lang='lat' dir='ltr'>quodam</span> <span class='ocrx_word' id='word_1_8' title='bbox 524 399 634 466; x_wconf 85' lang='lat' dir='ltr'>omnia</span> <span class='ocrx_word' id='word_1_9' title='bbox 656 401 848 467; x_wconf 84' lang='lat' dir='ltr'>defendendi</span> <span class='ocrx_word' id='word_1_10' title='bbox 871 401 980 468; x_wconf 87' lang='lat' dir='ltr'>studio</span> <span class='ocrx_word' id='word_1_11' title='bbox 1004 401 1139 486; x_wconf 77' lang='lat' dir='ltr'>abripie</span> 
     </span>
     <span class='ocr_line' id='line_1_3' title="bbox 67 489 1140 575; baseline 0.003 -22"><span class='ocrx_word' id='word_1_12' title='bbox 67 489 177 572; x_wconf 85' lang='lat' dir='ltr'>batur,</span> <span class='ocrx_word' id='word_1_13' title='bbox 203 490 251 553; x_wconf 86' lang='lat' dir='ltr'>ita</span> <span class='ocrx_word' id='word_1_14' title='bbox 280 489 349 554; x_wconf 85' lang='lat' dir='ltr'>eins</span> <span class='ocrx_word' id='word_1_15' title='bbox 371 489 555 575; x_wconf 78' lang='lat' dir='ltr'>pedissequi</span> <span class='ocrx_word' id='word_1_16' title='bbox 578 511 674 574; x_wconf 87' lang='lat' dir='ltr'>saepe</span> <span class='ocrx_word' id='word_1_17' title='bbox 696 494 765 555; x_wconf 85' lang='lat' dir='ltr'>tam</span> <span class='ocrx_word' id='word_1_18' title='bbox 787 511 939 575; x_wconf 84' lang='lat' dir='ltr'>peruersa</span> <span class='ocrx_word' id='word_1_19' title='bbox 961 490 1140 556; x_wconf 79' lang='lat' dir='ltr'>lectionum</span> 
     </span>
     <span class='ocr_line' id='line_1_4' title="bbox 69 577 1139 664; baseline 0.001 -22"><span class='ocrx_word' id='word_1_20' title='bbox 69 600 91 642; x_wconf 88' lang='lat' dir='ltr'>a</span> <span class='ocrx_word' id='word_1_21' title='bbox 114 577 206 643; x_wconf 85' lang='lat' dir='ltr'>codd.</span> <span class='ocrx_word' id='word_1_22' title='bbox 229 577 445 644; x_wconf 86' lang='lat' dir='ltr'>exhibitarum</span> <span class='ocrx_word' id='word_1_23' title='bbox 468 579 645 644; x_wconf 84' lang='lat' dir='ltr'>extiterunt</span> <span class='ocrx_word' id='word_1_24' title='bbox 667 581 798 664; x_wconf 86' lang='lat' dir='ltr'>patroni</span> <span class='ocrx_word' id='word_1_25' title='bbox 820 583 853 644; x_wconf 89' lang='lat' dir='ltr'>et</span> <span class='ocrx_word' id='word_1_26' title='bbox 873 578 1139 644; x_wconf 83' lang='lat' dir='ltr'>Marklandisnae</span> 
     </span>
     <span class='ocr_line' id='line_1_5' title="bbox 69 665 1141 754; baseline 0.001 -23"><span class='ocrx_word' id='word_1_27' title='bbox 69 667 195 732; x_wconf 85' lang='lat' dir='ltr'>scilicet</span> <span class='ocrx_word' id='word_1_28' title='bbox 220 665 398 732; x_wconf 85' lang='lat' dir='ltr'>temeritati</span> <span class='ocrx_word' id='word_1_29' title='bbox 429 667 645 754; x_wconf 77' lang='lat' dir='ltr'>audaciaeque</span> <span class='ocrx_word' id='word_1_30' title='bbox 680 667 811 733; x_wconf 88' lang='lat' dir='ltr'>obuiam</span> <span class='ocrx_word' id='word_1_31' title='bbox 839 668 935 733; x_wconf 90' lang='lat' dir='ltr'>eundi</span> <span class='ocrx_word' id='word_1_32' title='bbox 963 666 1141 752; x_wconf 83' lang='lat' dir='ltr'>cupiditate</span> 
     </span>
     <span class='ocr_line' id='line_1_6' title="bbox 70 755 1140 841; baseline 0 -21"><span class='ocrx_word' id='word_1_33' title='bbox 70 777 110 820; x_wconf 93' lang='lat' dir='ltr'>eo</span> <span class='ocrx_word' id='word_1_34' title='bbox 133 756 298 840; x_wconf 79' lang='lat' dir='ltr'>progressi</span> <span class='ocrx_word' id='word_1_35' title='bbox 321 760 399 821; x_wconf 86' lang='lat' dir='ltr'>sunt</span> <span class='ocrx_word' id='word_1_36' title='bbox 420 759 457 820; x_wconf 85' lang='lat' dir='ltr'>ut</span> <span class='ocrx_word' id='word_1_37' title='bbox 479 756 650 840; x_wconf 89' lang='lat' dir='ltr'>primarias</span> <span class='ocrx_word' id='word_1_38' title='bbox 673 757 754 822; x_wconf 86' lang='lat' dir='ltr'>artis</span> <span class='ocrx_word' id='word_1_39' title='bbox 777 757 908 822; x_wconf 85' lang='lat' dir='ltr'>criticae</span> <span class='ocrx_word' id='word_1_40' title='bbox 930 757 1060 841; x_wconf 89' lang='lat' dir='ltr'>regulas</span> <span class='ocrx_word' id='word_1_41' title='bbox 1083 755 1140 821; x_wconf 88' lang='lat' dir='ltr'>ha-</span> 
     </span>
     <span class='ocr_line' id='line_1_7' title="bbox 68 842 1142 936; baseline 0 -28"><span class='ocrx_word' id='word_1_42' title='bbox 68 843 185 908; x_wconf 86' lang='lat' dir='ltr'>berent</span> <span class='ocrx_word' id='word_1_43' title='bbox 205 844 338 928; x_wconf 84' lang='lat' dir='ltr'>insuper</span> <span class='ocrx_word' id='word_1_44' title='bbox 360 848 394 909; x_wconf 85' lang='lat' dir='ltr'>et</span> <span class='ocrx_word' id='word_1_45' title='bbox 416 842 570 934; x_wconf 80' lang='lat' dir='ltr'>Statium,</span> <span class='ocrx_word' id='word_1_46' title='bbox 597 844 751 936; x_wconf 87' lang='lat' dir='ltr'>quicquid</span> <span class='ocrx_word' id='word_1_47' title='bbox 773 846 808 910; x_wconf 92' lang='lat' dir='ltr'>in</span> <span class='ocrx_word' id='word_1_48' title='bbox 830 845 965 911; x_wconf 87' lang='lat' dir='ltr'>buccam</span> <span class='ocrx_word' id='word_1_49' title='bbox 987 845 1142 928; x_wconf 86' lang='lat' dir='ltr'>uenisset,</span> 
     </span>
     <span class='ocr_line' id='line_1_8' title="bbox 71 931 1141 1018; baseline 0.002 -22"><span class='ocrx_word' id='word_1_50' title='bbox 71 933 239 1016; x_wconf 78' lang='lat' dir='ltr'>scripsisse</span> <span class='ocrx_word' id='word_1_51' title='bbox 272 954 382 998; x_wconf 88' lang='lat' dir='ltr'>secure</span> <span class='ocrx_word' id='word_1_52' title='bbox 413 933 614 998; x_wconf 78' lang='lat' dir='ltr'>affirmarent</span> <span class='ocrx_word' id='word_1_53' title='bbox 646 934 789 1018; x_wconf 84' lang='lat' dir='ltr'>satisque</span> <span class='ocrx_word' id='word_1_54' title='bbox 815 933 883 998; x_wconf 80' lang='lat' dir='ltr'>fero</span> <span class='ocrx_word' id='word_1_55' title='bbox 910 931 1080 1016; x_wconf 84' lang='lat' dir='ltr'>haberent,</span> <span class='ocrx_word' id='word_1_56' title='bbox 1113 935 1141 998; x_wconf 90' lang='lat' dir='ltr'>si</span> 
     </span>
     <span class='ocr_line' id='line_1_9' title="bbox 70 1021 1141 1108; baseline 0.001 -23"><span class='ocrx_word' id='word_1_57' title='bbox 70 1021 231 1086; x_wconf 87' lang='lat' dir='ltr'>uocabula</span> <span class='ocrx_word' id='word_1_58' title='bbox 253 1021 439 1108; x_wconf 83' lang='lat' dir='ltr'>legerentur</span> <span class='ocrx_word' id='word_1_59' title='bbox 461 1022 572 1087; x_wconf 86' lang='lat' dir='ltr'>latina.</span> <span class='ocrx_word' id='word_1_60' title='bbox 607 1022 693 1088; x_wconf 86' lang='lat' dir='ltr'>hano</span> <span class='ocrx_word' id='word_1_61' title='bbox 715 1021 950 1108; x_wconf 86' lang='lat' dir='ltr'>interpretandi</span> <span class='ocrx_word' id='word_1_62' title='bbox 972 1022 1141 1105; x_wconf 89' lang='lat' dir='ltr'>rationem,</span> 
     </span>
     <span class='ocr_line' id='line_1_10' title="bbox 69 1109 1139 1198; baseline 0.002 -26"><span class='ocrx_word' id='word_1_63' title='bbox 69 1109 106 1172; x_wconf 91' lang='lat' dir='ltr'>in</span> <span class='ocrx_word' id='word_1_64' title='bbox 128 1131 193 1198; x_wconf 84' lang='lat' dir='ltr'>qua</span> <span class='ocrx_word' id='word_1_65' title='bbox 215 1109 310 1174; x_wconf 88' lang='lat' dir='ltr'>multi</span> <span class='ocrx_word' id='word_1_66' title='bbox 331 1109 428 1175; x_wconf 91' lang='lat' dir='ltr'>hodie</span> <span class='ocrx_word' id='word_1_67' title='bbox 451 1109 513 1175; x_wconf 87' lang='lat' dir='ltr'>sibi</span> <span class='ocrx_word' id='word_1_68' title='bbox 536 1111 681 1194; x_wconf 85' lang='lat' dir='ltr'>placant,</span> <span class='ocrx_word' id='word_1_69' title='bbox 708 1133 782 1175; x_wconf 90' lang='lat' dir='ltr'>cum</span> <span class='ocrx_word' id='word_1_70' title='bbox 811 1109 961 1194; x_wconf 88' lang='lat' dir='ltr'>plurimis</span> <span class='ocrx_word' id='word_1_71' title='bbox 984 1110 1139 1194; x_wconf 85' lang='lat' dir='ltr'>exemplis</span> 
     </span>
     <span class='ocr_line' id='line_1_11' title="bbox 69 1197 1140 1285; baseline 0.001 -24"><span class='ocrx_word' id='word_1_72' title='bbox 69 1198 169 1262; x_wconf 85' lang='lat' dir='ltr'>liceat</span> <span class='ocrx_word' id='word_1_73' title='bbox 191 1197 374 1282; x_wconf 83' lang='lat' dir='ltr'>inlustrare,</span> <span class='ocrx_word' id='word_1_74' title='bbox 398 1199 461 1264; x_wconf 92' lang='lat' dir='ltr'>duo</span> <span class='ocrx_word' id='word_1_75' title='bbox 484 1219 643 1282; x_wconf 66' lang='lat' dir='ltr'>promam</span> <span class='ocrx_word' id='word_1_76' title='bbox 666 1199 737 1263; x_wconf 88' lang='lat' dir='ltr'>silu.</span> <span class='ocrx_word' id='word_1_77' title='bbox 751 1197 783 1263; x_wconf 86' lang='lat' dir='ltr'><strong>V</strong></span> <span class='ocrx_word' id='word_1_78' title='bbox 797 1199 829 1285; x_wconf 80' lang='lat'>2,</span> <span class='ocrx_word' id='word_1_79' title='bbox 842 1198 887 1264; x_wconf 77' lang='lat'>54</span> <span class='ocrx_word' id='word_1_80' title='bbox 900 1216 969 1285; x_wconf 87' lang='lat' dir='ltr'>sqq.</span> <span class='ocrx_word' id='word_1_81' title='bbox 988 1198 1140 1284; x_wconf 89' lang='lat' dir='ltr'>legimus:</span> 
     </span>
    </p>
   </div>
   <div class='ocr_carea' id='block_1_3' title="bbox 635 1357 981 1482">
    <p class='ocr_par' dir='ltr' id='par_1_3' title="bbox 635 1357 981 1482">
     <span class='ocr_line' id='line_1_12' title="bbox 635 1357 981 1482; baseline 0 -72"><span class='ocrx_word' id='word_1_82' title='bbox 635 1358 813 1439; x_wconf 77' lang='lat' dir='ltr'>quantusque</span> <span class='ocrx_word' id='word_1_83' title='bbox 830 1357 981 1482; x_wconf 55' lang='lat' dir='ltr'>nepuqltqqr</span> 
     </span>
    </p>
   </div>
   <div class='ocr_carea' id='block_1_4' title="bbox 221 1401 904 1496">
    <p class='ocr_par' dir='ltr' id='par_1_4' title="bbox 221 1401 904 1496">
     <span class='ocr_line' id='line_1_13' title="bbox 221 1401 904 1496; baseline 0.003 -17"><span class='ocrx_word' id='word_1_84' title='bbox 221 1401 375 1480; x_wconf 70' lang='lat' dir='ltr'>‘orneacus</span> <span class='ocrx_word' id='word_1_85' title='bbox 393 1425 516 1482; x_wconf 77' lang='lat' dir='ltr'>occiduis</span> <span class='ocrx_word' id='word_1_86' title='bbox 534 1419 841 1496; x_wconf 75' lang='lat' dir='ltr'>fessoque&#39;flypenone</span> <span class='ocrx_word' id='word_1_87' title='bbox 884 1426 904 1481; x_wconf 78' lang='lat' dir='ltr'>s</span> 
     </span>
    </p>
   </div>
   <div class='ocr_carea' id='block_1_5' title="bbox 231 1493 624 1566">
    <p class='ocr_par' dir='ltr' id='par_1_5' title="bbox 231 1493 624 1566">
     <span class='ocr_line' id='line_1_14' title="bbox 231 1493 624 1566; baseline 0 -16"><span class='ocrx_word' id='word_1_88' title='bbox 231 1493 347 1551; x_wconf 84' lang='lat' dir='ltr'>Intrarit</span> <span class='ocrx_word' id='word_1_89' title='bbox 363 1497 498 1551; x_wconf 85' lang='lat' dir='ltr'>mandata</span> <span class='ocrx_word' id='word_1_90' title='bbox 516 1511 624 1566; x_wconf 87' lang='lat' dir='ltr'>gerens.</span> 
     </span>
    </p>
   </div>
   <div class='ocr_carea' id='block_1_6' title="bbox 1 1637 1140 3581">
    <p class='ocr_par' dir='ltr' id='par_1_6' title="bbox 1 1637 1140 3581">
     <span class='ocr_line' id='line_1_15' title="bbox 69 1637 1140 1724; baseline 0 -20"><span class='ocrx_word' id='word_1_91' title='bbox 69 1639 211 1704; x_wconf 86' lang='lat' dir='ltr'>habetur</span> <span class='ocrx_word' id='word_1_92' title='bbox 233 1637 314 1704; x_wconf 86' lang='lat' dir='ltr'>illud</span> <span class='ocrx_word' id='word_1_93' title='bbox 337 1637 534 1724; x_wconf 79' lang='lat' dir='ltr'>‘negantem&#39;</span> <span class='ocrx_word' id='word_1_94' title='bbox 557 1639 705 1704; x_wconf 82' lang='lat' dir='ltr'>incodd.</span> <span class='ocrx_word' id='word_1_95' title='bbox 729 1639 887 1706; x_wconf 90' lang='lat' dir='ltr'>omnibus.</span> <span class='ocrx_word' id='word_1_96' title='bbox 919 1639 1004 1724; x_wconf 89' lang='lat' dir='ltr'>quod</span> <span class='ocrx_word' id='word_1_97' title='bbox 1027 1644 1066 1704; x_wconf 88' lang='lat' dir='ltr'>ut</span> <span class='ocrx_word' id='word_1_98' title='bbox 1087 1639 1140 1704; x_wconf 89' lang='lat' dir='ltr'>de-</span> 
     </span>
     <span class='ocr_line' id='line_1_16' title="bbox 68 1726 1139 1811; baseline 0.003 -20"><span class='ocrx_word' id='word_1_99' title='bbox 68 1726 225 1811; x_wconf 82' lang='lat' dir='ltr'>fenderat,</span> <span class='ocrx_word' id='word_1_100' title='bbox 248 1727 406 1793; x_wconf 87' lang='lat' dir='ltr'>Imhofins</span> <span class='ocrx_word' id='word_1_101' title='bbox 427 1727 464 1791; x_wconf 89' lang='lat' dir='ltr'>in</span> <span class='ocrx_word' id='word_1_102' title='bbox 486 1727 671 1810; x_wconf 72' lang='lat' dir='ltr'>scriptionis</span> <span class='ocrx_word' id='word_1_103' title='bbox 694 1728 880 1793; x_wconf 76' lang='lat' dir='ltr'>scolasticae</span> <span class='ocrx_word' id='word_1_104' title='bbox 898 1727 992 1793; x_wconf 87' lang='lat' dir='ltr'>Halis</span> <span class='ocrx_word' id='word_1_105' title='bbox 1010 1749 1038 1793; x_wconf 89' lang='lat' dir='ltr'>a.</span> <span class='ocrx_word' id='word_1_106' title='bbox 1055 1729 1139 1794; x_wconf 83' lang='grc'><strong>1867</strong></span> 
     </span>
     <span class='ocr_line' id='line_1_17' title="bbox 70 1814 1140 1906; baseline 0 -26"><span class='ocrx_word' id='word_1_107' title='bbox 70 1815 175 1881; x_wconf 83' lang='lat' dir='ltr'>editae</span> <span class='ocrx_word' id='word_1_108' title='bbox 197 1833 251 1900; x_wconf 87' lang='lat' dir='ltr'>pp.</span> <span class='ocrx_word' id='word_1_109' title='bbox 275 1816 363 1880; x_wconf 80' lang='lat'>2-4</span> <span class='ocrx_word' id='word_1_110' title='bbox 390 1815 529 1880; x_wconf 82' lang='lat' dir='ltr'>adducta</span> <span class='ocrx_word' id='word_1_111' title='bbox 555 1816 775 1901; x_wconf 82' lang='lat' dir='ltr'>exemplorum</span> <span class='ocrx_word' id='word_1_112' title='bbox 797 1817 884 1906; x_wconf 84' lang='lat' dir='ltr'>nube</span> <span class='ocrx_word' id='word_1_113' title='bbox 917 1817 1060 1882; x_wconf 86' lang='lat' dir='ltr'>ostendit</span> <span class='ocrx_word' id='word_1_114' title='bbox 1091 1814 1140 1902; x_wconf 90' lang='lat' dir='ltr'>(id</span> 
     </span>
     <span class='ocr_line' id='line_1_18' title="bbox 70 1903 1139 1997; baseline 0.002 -29"><span class='ocrx_word' id='word_1_115' title='bbox 70 1904 159 1988; x_wconf 87' lang='lat' dir='ltr'>quod</span> <span class='ocrx_word' id='word_1_116' title='bbox 171 1925 268 1970; x_wconf 88' lang='lat' dir='ltr'>nemo</span> <span class='ocrx_word' id='word_1_117' title='bbox 282 1904 318 1968; x_wconf 91' lang='lat' dir='ltr'>in</span> <span class='ocrx_word' id='word_1_118' title='bbox 334 1905 440 1989; x_wconf 88' lang='lat' dir='ltr'>poetis</span> <span class='ocrx_word' id='word_1_119' title='bbox 454 1905 571 1969; x_wconf 85' lang='lat' dir='ltr'>latinis</span> <span class='ocrx_word' id='word_1_120' title='bbox 587 1905 641 1969; x_wconf 86' lang='lat' dir='ltr'>uel</span> <span class='ocrx_word' id='word_1_121' title='bbox 659 1904 765 1997; x_wconf 74' lang='lat' dir='ltr'>obiter</span> <span class='ocrx_word' id='word_1_122' title='bbox 778 1908 927 1973; x_wconf 87' lang='lat' dir='ltr'>uersatus</span> <span class='ocrx_word' id='word_1_123' title='bbox 940 1903 1139 1990; x_wconf 73' lang='lat' dir='ltr'>ignorabat),</span> 
     </span>
     <span class='ocr_line' id='line_1_19' title="bbox 71 1991 1140 2078; baseline 0.002 -22"><span class='ocrx_word' id='word_1_124' title='bbox 71 1991 204 2076; x_wconf 73' lang='lat' dir='ltr'>‘negare</span> <span class='ocrx_word' id='word_1_125' title='bbox 219 1992 326 2058; x_wconf 88' lang='lat' dir='ltr'>alicui&#39;</span> <span class='ocrx_word' id='word_1_126' title='bbox 342 1993 530 2078; x_wconf 83' lang='lat' dir='ltr'>significare</span> <span class='ocrx_word' id='word_1_127' title='bbox 541 1991 664 2061; x_wconf 78' lang='lat' dir='ltr'>‘officia</span> <span class='ocrx_word' id='word_1_128' title='bbox 673 1993 769 2058; x_wconf 85' lang='lat' dir='ltr'>alicui</span> <span class='ocrx_word' id='word_1_129' title='bbox 783 1991 981 2078; x_wconf 71' lang='lat' dir='ltr'>detractare&#39;.</span> <span class='ocrx_word' id='word_1_130' title='bbox 1012 1995 1140 2058; x_wconf 86' lang='lat' dir='ltr'>reiectis</span> 
     </span>
     <span class='ocr_line' id='line_1_20' title="bbox 69 2075 1139 2168; baseline 0.003 -24"><span class='ocrx_word' id='word_1_131' title='bbox 69 2081 171 2166; x_wconf 75' lang='lat' dir='ltr'>igit-ur</span> <span class='ocrx_word' id='word_1_132' title='bbox 193 2079 329 2146; x_wconf 81' lang='lat' dir='ltr'>Auentii</span> <span class='ocrx_word' id='word_1_133' title='bbox 352 2085 386 2146; x_wconf 84' lang='lat' dir='ltr'>et</span> <span class='ocrx_word' id='word_1_134' title='bbox 403 2079 540 2146; x_wconf 81' lang='lat' dir='ltr'>Domitii</span> <span class='ocrx_word' id='word_1_135' title='bbox 562 2075 754 2146; x_wconf 81' lang='lat' dir='ltr'>conimantis</span> <span class='ocrx_word' id='word_1_136' title='bbox 777 2080 930 2168; x_wconf 86' lang='lat' dir='ltr'>(quorum</span> <span class='ocrx_word' id='word_1_137' title='bbox 952 2081 1007 2146; x_wconf 87' lang='lat' dir='ltr'>ille</span> <span class='ocrx_word' id='word_1_138' title='bbox 1029 2082 1139 2148; x_wconf 86' lang='lat' dir='ltr'>rectis·</span> 
     </span>
     <span class='ocr_line' id='line_1_21' title="bbox 72 2167 1139 2255; baseline 0 -21"><span class='ocrx_word' id='word_1_139' title='bbox 72 2169 154 2234; x_wconf 87' lang='lat' dir='ltr'>simo</span> <span class='ocrx_word' id='word_1_140' title='bbox 178 2167 396 2255; x_wconf 77' lang='lat' dir='ltr'>‘nigrantem&#39;,</span> <span class='ocrx_word' id='word_1_141' title='bbox 423 2169 476 2234; x_wconf 89' lang='lat' dir='ltr'>hio</span> <span class='ocrx_word' id='word_1_142' title='bbox 503 2187 603 2254; x_wconf 86' lang='lat' dir='ltr'>praue</span> <span class='ocrx_word' id='word_1_143' title='bbox 631 2169 821 2235; x_wconf 75' lang='lat' dir='ltr'>‘natantem&#39;</span> <span class='ocrx_word' id='word_1_144' title='bbox 845 2168 1041 2255; x_wconf 83' lang='lat' dir='ltr'>coniecerat)</span> <span class='ocrx_word' id='word_1_145' title='bbox 1062 2171 1139 2235; x_wconf 86' lang='lat' dir='ltr'>reti·</span> 
     </span>
     <span class='ocr_line' id='line_1_22' title="bbox 69 2253 1138 2344; baseline 0.003 -23"><span class='ocrx_word' id='word_1_146' title='bbox 69 2256 210 2322; x_wconf 83' lang='lat' dir='ltr'>nondam</span> <span class='ocrx_word' id='word_1_147' title='bbox 233 2258 314 2322; x_wconf 88' lang='lat' dir='ltr'>dixit</span> <span class='ocrx_word' id='word_1_148' title='bbox 336 2257 493 2323; x_wconf 89' lang='lat' dir='ltr'>librorum</span> <span class='ocrx_word' id='word_1_149' title='bbox 517 2258 712 2341; x_wconf 89' lang='lat' dir='ltr'>scripturam</span> <span class='ocrx_word' id='word_1_150' title='bbox 738 2253 974 2344; x_wconf 87' lang='lat' dir='ltr'>legendumque</span> <span class='ocrx_word' id='word_1_151' title='bbox 996 2259 1138 2324; x_wconf 82' lang='lat' dir='ltr'>remedio</span> 
     </span>
     <span class='ocr_line' id='line_1_23' title="bbox 69 2345 1139 2432; baseline 0.003 -22"><span class='ocrx_word' id='word_1_152' title='bbox 69 2345 193 2410; x_wconf 86' lang='lat' dir='ltr'>scilicet</span> <span class='ocrx_word' id='word_1_153' title='bbox 226 2346 351 2412; x_wconf 88' lang='lat' dir='ltr'>leniore</span> <span class='ocrx_word' id='word_1_154' title='bbox 387 2345 577 2432; x_wconf 76' lang='lat' dir='ltr'>‘negantem</span> <span class='ocrx_word' id='word_1_155' title='bbox 608 2345 776 2412; x_wconf 70' lang='lat' dir='ltr'>Fluctibus</span> <span class='ocrx_word' id='word_1_156' title='bbox 813 2347 954 2412; x_wconf 72' lang='lat' dir='ltr'>occiduis</span> <span class='ocrx_word' id='word_1_157' title='bbox 988 2347 1139 2432; x_wconf 83' lang='lat' dir='ltr'>fassoque</span> 
     </span>
     <span class='ocr_line' id='line_1_24' title="bbox 1 2431 1139 2519; baseline 0.003 -23"><span class='ocrx_word' id='word_1_158' title='bbox 1 2467 5 2477; x_wconf 70' lang='lat'><em>‹</em></span> <span class='ocrx_word' id='word_1_159' title='bbox 70 2431 255 2517; x_wconf 81' lang='lat' dir='ltr'>Hyperioni</span> <span class='ocrx_word' id='word_1_160' title='bbox 285 2431 437 2518; x_wconf 76' lang='lat' dir='ltr'>Thulen&#39;,</span> <span class='ocrx_word' id='word_1_161' title='bbox 473 2455 605 2499; x_wconf 86' lang='lat' dir='ltr'>securus</span> <span class='ocrx_word' id='word_1_162' title='bbox 636 2435 692 2500; x_wconf 89' lang='lat' dir='ltr'>illo</span> <span class='ocrx_word' id='word_1_163' title='bbox 727 2435 907 2503; x_wconf 68' lang='lat' dir='ltr'>renuntias</span> <span class='ocrx_word' id='word_1_164' title='bbox 939 2437 1036 2519; x_wconf 86' lang='lat' dir='ltr'>plane</span> <span class='ocrx_word' id='word_1_165' title='bbox 1068 2456 1139 2519; x_wconf 90' lang='lat' dir='ltr'>per·</span> 
     </span>
     <span class='ocr_line' id='line_1_25' title="bbox 69 2521 1137 2610; baseline 0.004 -24"><span class='ocrx_word' id='word_1_166' title='bbox 69 2541 197 2605; x_wconf 84' lang='lat' dir='ltr'>ucrsae;</span> <span class='ocrx_word' id='word_1_167' title='bbox 218 2525 323 2608; x_wconf 88' lang='lat' dir='ltr'>n&#39;equa</span> <span class='ocrx_word' id='word_1_168' title='bbox 346 2523 435 2588; x_wconf 90' lang='lat' dir='ltr'>enim·</span> <span class='ocrx_word' id='word_1_169' title='bbox 453 2522 558 2588; x_wconf 82' lang='lat' dir='ltr'>Thule</span> <span class='ocrx_word' id='word_1_170' title='bbox 576 2523 719 2608; x_wconf 89' lang='lat' dir='ltr'>Phoebo,</span> <span class='ocrx_word' id='word_1_171' title='bbox 742 2524 798 2589; x_wconf 88' lang='lat' dir='ltr'>sed</span> <span class='ocrx_word' id='word_1_172' title='bbox 820 2521 873 2589; x_wconf 87' lang='lat' dir='ltr'>hic</span> <span class='ocrx_word' id='word_1_173' title='bbox 894 2526 1010 2610; x_wconf 83' lang='lat' dir='ltr'>utpote</span> <span class='ocrx_word' id='word_1_174' title='bbox 1031 2524 1137 2590; x_wconf 87' lang='lat' dir='ltr'>fessus</span> 
     </span>
     <span class='ocr_line' id='line_1_26' title="bbox 68 2607 1139 2700; baseline 0.003 -26"><span class='ocrx_word' id='word_1_175' title='bbox 68 2610 179 2693; x_wconf 86' lang='lat' dir='ltr'>potius</span> <span class='ocrx_word' id='word_1_176' title='bbox 200 2611 250 2675; x_wconf 91' lang='lat' dir='ltr'>illi</span> <span class='ocrx_word' id='word_1_177' title='bbox 271 2611 411 2696; x_wconf 75' lang='lat' dir='ltr'>derogat</span> <span class='ocrx_word' id='word_1_178' title='bbox 433 2611 549 2697; x_wconf 86' lang='lat' dir='ltr'>officia,-</span> <span class='ocrx_word' id='word_1_179' title='bbox 571 2612 659 2700; x_wconf 83' lang='lat' dir='ltr'>unde</span> <span class='ocrx_word' id='word_1_180' title='bbox 672 2613 801 2700; x_wconf 82' lang='lat' dir='ltr'>legitur</span> <span class='ocrx_word' id='word_1_181' title='bbox 816 2609 920 2695; x_wconf 76' lang='lat'><strong>1115,</strong></span> <span class='ocrx_word' id='word_1_182' title='bbox 939 2612 983 2677; x_wconf 81' lang='lat'>20</span> <span class='ocrx_word' id='word_1_183' title='bbox 1003 2607 1139 2696; x_wconf 64' lang='lat' dir='ltr'>‘Hespa</span> 
     </span>
     <span class='ocr_line' id='line_1_27' title="bbox 69 2693 1139 2786; baseline 0.007 -25"><span class='ocrx_word' id='word_1_184' title='bbox 69 2698 136 2762; x_wconf 86' lang='lat' dir='ltr'>n&#39;ae</span> <span class='ocrx_word' id='word_1_185' title='bbox 163 2698 248 2763; x_wconf 89' lang='lat' dir='ltr'>uada</span> <span class='ocrx_word' id='word_1_186' title='bbox 274 2699 451 2784; x_wconf 81' lang='lat' dir='ltr'>caligantia</span> <span class='ocrx_word' id='word_1_187' title='bbox 478 2699 611 2765; x_wconf 78' lang='lat' dir='ltr'>Thules’</span> <span class='ocrx_word' id='word_1_188' title='bbox 639 2704 673 2766; x_wconf 89' lang='lat' dir='ltr'>et</span> <span class='ocrx_word' id='word_1_189' title='bbox 694 2699 745 2768; x_wconf 85' lang='lat' dir='ltr'>IV·</span> <span class='ocrx_word' id='word_1_190' title='bbox 764 2702 796 2785; x_wconf 82' lang='lat'>4,</span> <span class='ocrx_word' id='word_1_191' title='bbox 819 2693 862 2765; x_wconf 74' lang='lat'>62</span> <span class='ocrx_word' id='word_1_192' title='bbox 890 2700 1015 2786; x_wconf 79' lang='lat' dir='ltr'>‘nigrae</span> <span class='ocrx_word' id='word_1_193' title='bbox 1041 2701 1139 2768; x_wconf 82' lang='lat' dir='ltr'>litora</span> 
     </span>
     <span class='ocr_line' id='line_1_28' title="bbox 70 2785 1139 2876; baseline 0.003 -26"><span class='ocrx_word' id='word_1_194' title='bbox 70 2785 212 2852; x_wconf 82' lang='lat' dir='ltr'>Thulcs&#39;.</span> <span class='ocrx_word' id='word_1_195' title='bbox 256 2788 347 2852; x_wconf 88' lang='lat' dir='ltr'>uides</span> <span class='ocrx_word' id='word_1_196' title='bbox 376 2788 452 2873; x_wconf 88' lang='lat' dir='ltr'>quid</span> <span class='ocrx_word' id='word_1_197' title='bbox 476 2787 580 2854; x_wconf 80' lang='lat' dir='ltr'>Statio</span> <span class='ocrx_word' id='word_1_198' title='bbox 607 2790 787 2874; x_wconf 85' lang='lat' dir='ltr'>imputetur</span> <span class='ocrx_word' id='word_1_199' title='bbox 813 2791 855 2854; x_wconf 88' lang='lat' dir='ltr'>ab</span> <span class='ocrx_word' id='word_1_200' title='bbox 882 2790 930 2854; x_wconf 90' lang='lat' dir='ltr'>eis</span> <span class='ocrx_word' id='word_1_201' title='bbox 957 2789 1014 2876; x_wconf 89' lang='lat' dir='ltr'>qui</span> <span class='ocrx_word' id='word_1_202' title='bbox 1036 2789 1139 2854; x_wconf 86' lang='lat' dir='ltr'>uerba</span> 
     </span>
     <span class='ocr_line' id='line_1_29' title="bbox 72 2874 1140 2962; baseline 0.002 -24"><span class='ocrx_word' id='word_1_203' title='bbox 72 2874 275 2941; x_wconf 83' lang='lat' dir='ltr'>solummodo</span> <span class='ocrx_word' id='word_1_204' title='bbox 303 2879 453 2962; x_wconf 82' lang='lat' dir='ltr'>spectant</span> <span class='ocrx_word' id='word_1_205' title='bbox 481 2878 600 2962; x_wconf 88' lang='lat' dir='ltr'>quique</span> <span class='ocrx_word' id='word_1_206' title='bbox 626 2897 706 2942; x_wconf 90' lang='lat' dir='ltr'>num</span> <span class='ocrx_word' id='word_1_207' title='bbox 733 2878 896 2962; x_wconf 74' lang='lat' dir='ltr'>inlocum</span> <span class='ocrx_word' id='word_1_208' title='bbox 919 2898 958 2942; x_wconf 91' lang='lat' dir='ltr'>ea</span> <span class='ocrx_word' id='word_1_209' title='bbox 980 2875 1140 2962; x_wconf 87' lang='lat' dir='ltr'>quadrent</span> 
     </span>
     <span class='ocr_line' id='line_1_30' title="bbox 68 2963 1138 3052; baseline 0.002 -25"><span class='ocrx_word' id='word_1_210' title='bbox 68 2964 166 3028; x_wconf 88' lang='lat' dir='ltr'>nauci</span> <span class='ocrx_word' id='word_1_211' title='bbox 183 2963 312 3029; x_wconf 82' lang='lat' dir='ltr'>habent</span> <span class='ocrx_word' id='word_1_212' title='bbox 345 2965 470 3050; x_wconf 82' lang='lat' dir='ltr'>optime</span> <span class='ocrx_word' id='word_1_213' title='bbox 489 2969 606 3050; x_wconf 83' lang='lat' dir='ltr'>autem,</span> <span class='ocrx_word' id='word_1_214' title='bbox 628 2970 667 3030; x_wconf 79' lang='lat' dir='ltr'>ut</span> <span class='ocrx_word' id='word_1_215' title='bbox 679 2967 746 3030; x_wconf 84' lang='lat' dir='ltr'>iam</span> <span class='ocrx_word' id='word_1_216' title='bbox 765 2966 955 3052; x_wconf 84' lang='lat' dir='ltr'>significaui,</span> <span class='ocrx_word' id='word_1_217' title='bbox 977 2964 1138 3030; x_wconf 80' lang='lat' dir='ltr'>Auantius</span> 
     </span>
     <span class='ocr_line' id='line_1_31' title="bbox 69 3051 1138 3138; baseline 0.004 -22"><span class='ocrx_word' id='word_1_218' title='bbox 69 3051 151 3136; x_wconf 87' lang='lat' dir='ltr'>legit</span> <span class='ocrx_word' id='word_1_219' title='bbox 168 3051 385 3138; x_wconf 71' lang='lat' dir='ltr'>‘nigrantem&#39;‚</span> <span class='ocrx_word' id='word_1_220' title='bbox 407 3071 481 3119; x_wconf 85' lang='lat' dir='ltr'>curn</span> <span class='ocrx_word' id='word_1_221' title='bbox 500 3055 610 3118; x_wconf 87' lang='lat' dir='ltr'>omnia</span> <span class='ocrx_word' id='word_1_222' title='bbox 627 3055 698 3120; x_wconf 88' lang='lat' dir='ltr'>lucc</span> <span class='ocrx_word' id='word_1_223' title='bbox 716 3054 878 3120; x_wconf 86' lang='lat' dir='ltr'>deficienti</span> <span class='ocrx_word' id='word_1_224' title='bbox 896 3055 1034 3120; x_wconf 85' lang='lat' dir='ltr'>obscura</span> <span class='ocrx_word' id='word_1_225' title='bbox 1050 3058 1138 3120; x_wconf 81' lang='lat' dir='ltr'>recte</span> 
     </span>
     <span class='ocr_line' id='line_1_32' title="bbox 70 3139 1138 3233; baseline 0.004 -30"><span class='ocrx_word' id='word_1_226' title='bbox 70 3139 218 3204; x_wconf 81' lang='lat' dir='ltr'>dicantur</span> <span class='ocrx_word' id='word_1_227' title='bbox 241 3140 358 3233; x_wconf 76' lang='lat' dir='ltr'>‘nigra&#39;</span> <span class='ocrx_word' id='word_1_228' title='bbox 379 3142 434 3206; x_wconf 87' lang='lat' dir='ltr'>uel</span> <span class='ocrx_word' id='word_1_229' title='bbox 457 3140 666 3230; x_wconf 59' lang='lat' dir='ltr'>‘nigrantia&#39;q</span> <span class='ocrx_word' id='word_1_230' title='bbox 680 3143 778 3208; x_wconf 89' lang='lat' dir='ltr'>nimis</span> <span class='ocrx_word' id='word_1_231' title='bbox 802 3143 889 3208; x_wconf 86' lang='lat' dir='ltr'>enim</span> <span class='ocrx_word' id='word_1_232' title='bbox 912 3141 1063 3226; x_wconf 74' lang='lat' dir='ltr'>suspicax</span> <span class='ocrx_word' id='word_1_233' title='bbox 1084 3142 1138 3207; x_wconf 86' lang='lat' dir='ltr'>hio</span> 
     </span>
     <span class='ocr_line' id='line_1_33' title="bbox 69 3227 1137 3316; baseline 0.004 -24"><span class='ocrx_word' id='word_1_234' title='bbox 69 3249 195 3312; x_wconf 86' lang='lat' dir='ltr'>quoquc</span> <span class='ocrx_word' id='word_1_235' title='bbox 226 3227 290 3294; x_wconf 86' lang='lat' dir='ltr'>fuit</span> <span class='ocrx_word' id='word_1_236' title='bbox 321 3229 548 3316; x_wconf 83' lang='lat' dir='ltr'>Marklandus,</span> <span class='ocrx_word' id='word_1_237' title='bbox 580 3251 676 3316; x_wconf 87' lang='lat' dir='ltr'>quom</span> <span class='ocrx_word' id='word_1_238' title='bbox 707 3231 798 3297; x_wconf 91' lang='lat' dir='ltr'>locus</span> <span class='ocrx_word' id='word_1_239' title='bbox 830 3231 872 3296; x_wconf 79' lang='lat' dir='ltr'>ab</span> <span class='ocrx_word' id='word_1_240' title='bbox 903 3231 977 3314; x_wconf 86' lang='lat' dir='ltr'>ipso</span> <span class='ocrx_word' id='word_1_241' title='bbox 1009 3231 1137 3297; x_wconf 86' lang='lat' dir='ltr'>adlatus</span> 
     </span>
     <span class='ocr_line' id='line_1_34' title="bbox 69 3316 1136 3404; baseline 0.004 -24"><span class='ocrx_word' id='word_1_242' title='bbox 69 3316 225 3404; x_wconf 82' lang='lat' dir='ltr'>Thebaid.</span> <span class='ocrx_word' id='word_1_243' title='bbox 244 3317 345 3384; x_wconf 82' lang='lat'>1686</span> <span class='ocrx_word' id='word_1_244' title='bbox 364 3317 434 3384; x_wconf 71' lang='lat' dir='ltr'>‘aut</span> <span class='ocrx_word' id='word_1_245' title='bbox 454 3319 586 3404; x_wconf 86' lang='lat' dir='ltr'>nigrum</span> <span class='ocrx_word' id='word_1_246' title='bbox 609 3321 779 3404; x_wconf 81' lang='lat' dir='ltr'>occasibus</span> <span class='ocrx_word' id='word_1_247' title='bbox 803 3323 860 3402; x_wconf 57' lang='lat' dir='ltr'>[a</span> <span class='ocrx_word' id='word_1_248' title='bbox 874 3321 942 3385; x_wconf 89' lang='lat' dir='ltr'>sole</span> <span class='ocrx_word' id='word_1_249' title='bbox 956 3319 1136 3400; x_wconf 84' lang='lat' dir='ltr'>occidente]</span> 
     </span>
     <span class='ocr_line' id='line_1_35' title="bbox 67 3405 1139 3496; baseline 0.002 -26"><span class='ocrx_word' id='word_1_250' title='bbox 67 3406 171 3470; x_wconf 85' lang='lat' dir='ltr'>intrat</span> <span class='ocrx_word' id='word_1_251' title='bbox 193 3405 373 3471; x_wconf 84' lang='lat' dir='ltr'>Oceanum&#39;</span> <span class='ocrx_word' id='word_1_252' title='bbox 396 3407 531 3472; x_wconf 87' lang='lat' dir='ltr'>meliore</span> <span class='ocrx_word' id='word_1_253' title='bbox 553 3409 663 3492; x_wconf 82' lang='lat' dir='ltr'>potuit</span> <span class='ocrx_word' id='word_1_254' title='bbox 684 3410 807 3478; x_wconf 84' lang='lat' dir='ltr'>dooere.</span> <span class='ocrx_word' id='word_1_255' title='bbox 851 3412 952 3473; x_wconf 82' lang='lat' dir='ltr'>restat</span> <span class='ocrx_word' id='word_1_256' title='bbox 973 3408 1074 3496; x_wconf 80' lang='lat' dir='ltr'>igitur</span> <span class='ocrx_word' id='word_1_257' title='bbox 1101 3411 1139 3472; x_wconf 87' lang='lat' dir='ltr'>ut</span> 
     </span>
     <span class='ocr_line' id='line_1_36' title="bbox 68 3493 1138 3581; baseline 0.001 -24"><span class='ocrx_word' id='word_1_258' title='bbox 68 3493 274 3559; x_wconf 86' lang='lat' dir='ltr'>emendemus</span> <span class='ocrx_word' id='word_1_259' title='bbox 297 3518 327 3560; x_wconf 91' lang='lat' dir='ltr'>u.</span> <span class='ocrx_word' id='word_1_260' title='bbox 357 3495 401 3561; x_wconf 79' lang='lat'>55</span> <span class='ocrx_word' id='word_1_261' title='bbox 432 3495 570 3561; x_wconf 82' lang='lat' dir='ltr'>initium.</span> <span class='ocrx_word' id='word_1_262' title='bbox 615 3498 776 3581; x_wconf 85' lang='lat' dir='ltr'>nam-&#39;qui</span> <span class='ocrx_word' id='word_1_263' title='bbox 804 3496 871 3562; x_wconf 87' lang='lat' dir='ltr'>sint</span> <span class='ocrx_word' id='word_1_264' title='bbox 899 3495 1056 3562; x_wconf 75' lang='lat' dir='ltr'>‘occidui&#39;</span> <span class='ocrx_word' id='word_1_265' title='bbox 1088 3495 1138 3559; x_wconf 91' lang='lat' dir='ltr'>illi</span> 
     </span>
    </p>
   </div>
   <div class='ocr_carea' id='block_1_7' title="bbox 0 0 1272 3960">
    <p class='ocr_par' dir='ltr' id='par_1_7' title="bbox 0 0 1272 3960">
     <span class='ocr_line' id='line_1_37' title="bbox 0 0 1272 3960; baseline 0 0"><span class='ocrx_word' id='word_1_266' title='bbox 0 0 1272 3960; x_wconf 95' lang='lat' dir='ltr'> </span> 
     </span>
    </p>
   </div>
  </div>
 </body>
</html>
