2534 3948
435 215 620 272 SILUARUM
639 215 670 272 L.
689 215 737 286 III,
758 217 782 271 1.

69 361 162 440 Quas
184 383 311 446 puppes
334 359 417 426 uelis
439 360 547 426 nolint
568 361 708 426 hansire
732 360 890 445 secundis,

69 451 145 528 Quo
168 454 262 535 pater
285 449 453 515 aethereus
476 450 659 534 mensisque
682 449 785 516 accita
807 449 939 514 deorum

70 539 184 603 'll-urba
207 541 240 603 et
259 538 305 603 ab
328 539 454 603 excelso
476 538 589 602 ueniat
611 560 704 604 soror
725 537 857 623 hospita
878 539 1010 622 templo.

69 625 145 692 Nec
168 630 210 711 te,
233 627 319 712 quod
343 625 465 691 solidus
489 630 603 692 contra
625 627 711 712 riget
731 626 830 691 umbo
853 626 988 712 maligni
1092 641 1143 692 110

70 715 199 781 Montis
223 718 256 780 et
278 716 437 781 immenso
459 737 528 781 non
549 734 687 799 usquam
710 736 823 779 exesus
846 713 887 780 ab
912 735 1003 799 aeuo,

69 803 221 890 Terreat3
244 803 314 888 ipse
337 802 432 869 adero
456 807 490 868 et
511 803 683 869 conamina
704 806 798 868 tanta
820 802 939 868 iuuabo

68 892 262 977 Asperaque
284 891 406 956 inuitae
429 892 630 978 perfringam
652 889 778 956 uiscera
800 895 917 956 terrae.

68 980 187 1066 Incipe
210 984 242 1044 et
264 979 432 1046 Herculeis
454 980 557 1045 fidens
580 979 764 1046 hortatibus
788 980 879 1046 aude.

69 1067 152 1134 Non
173 1068 391 1154 Amphioniae
414 1069 565 1134 steterint
586 1069 728 1134 uelocius
751 1089 842 1132 arces

69 1158 312 1244 Pergameusue
326 1156 447 1222 labor?
479 1157 561 1222 dixit
583 1160 789 1241 montemque
812 1153 953 1240 reliquit.

69 1245 145 1311 Nec
167 1267 273 1311 mora:
296 1245 482 1330 conscripta
502 1245 687 1312 formantur
708 1245 852 1330 imagine
874 1245 1006 1330 templa.

71 1334 269 1399 Innumerae
292 1334 397 1400 coiere
419 1356 551 1398 manus:
568 1332 626 1399 his
649 1333 780 1398 caedere
804 1334 905 1398 siluas

70 1423 121 1488 Et
142 1423 252 1488 leuare
273 1423 394 1506 trabes,
415 1422 483 1488 illis
506 1422 698 1507 immergere
721 1441 816 1486 curae

72 1511 302 1576 Fundamenta
325 1512 409 1576 solo..
441 1511 588 1596 coquitur
610 1532 687 1595 pars
710 1509 845 1573 humida
865 1511 971 1573 terrae
1093 1524 1145 1574 100

69 1599 265 1665 Proteetura
285 1599 407 1664 hiemes
431 1602 528 1684 atque
549 1599 718 1664 exclusura
739 1597 887 1681 pruinae,

70 1687 318 1772 Indomitusque
342 1688 422 1752 silex
444 1708 545 1752 curua
565 1687 697 1753 fornace
719 1685 877 1771 liquescit

71 1775 270 1860 Praecipuus
293 1775 349 1840 sed
372 1777 460 1840 enim
481 1775 575 1840 labor
597 1778 647 1840 est
669 1773 836 1840 excindere
859 1774 972 1839 derha

72 1863 250 1948 Oppositas
273 1885 369 1948 rupes
392 1867 425 1928 et
447 1887 526 1930 saxa
547 1864 704 1949 negantia
725 1863 820 1928 ferro.

72 1951 139 2018 Hic
160 1957 254 2036 pater
274 1952 345 2037 ipse
367 1952 430 2018 loci
452 1953 568 2037 positis
592 1949 782 2036 'l'irynthius
806 1952 904 2016 armis

71 2041 212 2106 Insudat
234 2041 405 2126 uelidaque
428 2042 533 2106 solum
554 2040 698 2106 deforme
720 2039 868 2123 bipenni,

75 2127 162 2194 Oum
186 2150 284 2215 graue
307 2132 468 2194 nocturna
490 2131 613 2194 caelum
636 2127 817 2192 subtexitur
838 2126 968 2210 umbra,

73 2218 152 2302 Ipse
174 2217 266 2283 fodit.
303 2217 385 2282 dites
409 2216 552 2301 Capreae
574 2216 757 2301 uiridesque
780 2215 942 2288 resultant

73 2306 290 2390 Taurubulae,
313 2309 347 2370 et
368 2306 464 2370 terris
487 2307 603 2391 ingens
625 2304 710 2369 redit
733 2302 881 2388 aequoris
904 2303 995 2369 echo.

72 2393 154 2460 Non
174 2397 244 2458 tarn
266 2393 390 2480 grands
412 2399 509 2461 sonat
530 2393 628 2459 molis
651 2393 822 2458 incudibus
843 2392 960 2475 Aetne,
1094 2406 1146 2459 130

72 2481 158 2549 (lum
179 2481 320 2548 Brontes
344 2480 557 2568 Steropesque
579 2481 665 2565 ferit,
686 2501 746 2546 nee
768 2481 874 2545 maior
896 2480 938 2545 ab
961 2480 1064 2544 antris

72 2571 258 2636 Lemniacis
280 2571 393 2656 fragor
414 2575 474 2657 est,
496 2571 554 2636 ubi
574 2570 742 2635 flammeus
766 2568 882 2654 aegida
904 2569 1011 2635 caelat

73 2659 235 2726 Mulciber
257 2663 290 2724 et
311 2660 410 2724 castis
432 2662 568 2726 exornat
590 2656 724 2723 Pallada
747 2656 848 2722 donis.

75 2747 277 2813 Decrescunt
300 2747 440 2832 scopuli,
463 2751 497 2812 et
517 2767 612 2812 rosea
635 2746 694 2812 suh
718 2746 789 2811 luce
811 2746 934 2811 reuersi

74 2836 227 2902 Artifices
249 2835 409 2900 mirantur
432 2857 522 2920 opus.
557 2835 613 2899 uix
636 2856 739 2899 annus
762 2834 894 2900 anhelat
1095 2848 1146 2898 130

75 2925 180 3008 Alter,
202 2927 236 2988 et
256 2923 382 3010 ingenti
404 2923 495 2989 diues
518 2923 710 3007 Tirynthius
725 2943 805 2987 ‘aree

73 3011 255 3098 Despectat
275 3011 392 3078 fluctus
416 3017 449 3078 et
472 3013 600 3077 iunctae
623 3015 710 3076 tecta
731 3031 889 3076 nouercae

150 3191 203 3270 109
221 3185 341 3268 templo]
360 3187 436 3242 teoto
456 3185 578 3251 Murtl.;
595 3185 690 3240 malim
705 3183 829 3267 plympo'
842 3184 853 3252 [Ι
867 3187 917 3238 111
932 3197 1065 3264 umquam
1083 3187 1107 3235 Δ
1121 3190 1146 3251 0,

76 3257 553 3410 ressuscitati&
563 3254 1148 3396 suurnhnrunffit

78 3403 141 3536 pap,
151 3397 281 3538 {rotppqpq
298 3400 424 3526 effi&
440 3404 458 3450 0
476 3399 516 3478 *l
531 3401 581 3452 129
597 3395 756 3452 Theleboae
772 3395 916 3452 Tanatus
929 3397 1005 3466 0130
1024 3395 1149 3512 ethn(a)e
