2534 3948
413 249 601 306 siruesuu
618 252 651 306 u.
669 251 717 321 111,
737 258 762 307 e.
1085 251 1126 316 91

55 397 224 462 Intactum
247 395 402 462 thalamis
426 400 459 461 et
482 395 586 461 adhuc
608 397 750 462 iuuenile
773 401 946 490 uagantem
1093 415 1127 464 25

54 485 184 571 Fixisti,
206 489 264 550 tua
285 487 379 549 frena
401 484 506 550 libens
530 484 706 570 docilisque
728 486 847 569 recepi,

53 574 103 640 Er
127 576 226 640 semel
249 576 388 639 insertas
409 595 477 639 non
499 577 683 638 mutaturus
705 574 851 638 habenas

54 663 171 749 Usque
194 664 274 728 fero.
319 666 355 727 tu
378 683 429 726 me
452 661 563 727 nitidis
586 661 718 726 Albana
740 661 940 746 prementem

53 747 156 817 Dona
179 751 280 818 comis
304 754 478 835 sanctoque
501 751 652 816 indutum
675 748 823 816 Caesaris
847 771 924 817 auro

54 839 245 906 Uisoeribus
270 839 438 923 complexa
459 840 524 904 tuis
548 839 712 925 sertisque
728 839 846 904 dedisti

55 928 178 994 Oscula
201 928 319 993 anllela
342 928 437 1012 meis3
459 930 505 1011 tu,
527 950 601 993 cum
625 925 788 1011 Capitolia
810 933 941 994 nostrae

55 1017 204 1081 Infitiata
226 1018 325 1100 lyrae,
349 1037 482 1081 saeuum
504 1015 734 1102 ingratumque
758 1016 890 1083 dolebas

53 1105 187 1170 Mecum
209 1106 296 1170 uicta
319 1105 444 1191 Iouem,
467 1107 504 1168 tu
526 1105 751 1188 procurrentia
772 1105 886 1189 primis
939 1123 946 1136 ·

54 1191 214 1259 Carmina
235 1197 348 1259 nostra
371 1193 469 1277 some,
490 1197 578 1259 totas
603 1194 679 1278 quin
703 1215 868 1260 murmura
889 1199 1000 1262 noctes

53 1281 149 1346 Aure
170 1282 258 1366 rapis
282 1283 388 1369 uigili,
411 1282 503 1368 longi
524 1285 561 1346 tu
584 1283 654 1348 sola
677 1282 798 1347 laboris

54 1369 207 1454 Conscia,
230 1393 367 1456 eumque
389 1369 580 1435 tuis'creuit
602 1390 676 1435 mea
697 1370 838 1436 Thebais
861 1373 963 1438 annis.

54 1458 196 1535 Qualem
217 1462 251 1524 te
272 1479 377 1543 nuper
400 1457 535 1545 Stygias
557 1481 658 1543 prope
681 1462 795 1542 raptus
819 1461 860 1524 ad
882 1462 1022 1544 umbras,

53 1547 142 1614 Cum
164 1548 229 1613 iam
252 1548 412 1616 Lethaeos
435 1548 580 1614 audirem
602 1547 783 1613 comminus
806 1570 930 1633 amnes,

53 1637 190 1723 Aspexi,
213 1638 367 1722 tenuique
390 1639 500 1703 oculos
523 1638 588 1703 iam
610 1639 716 1702 morto
740 1636 899 1702 cadentes.

54 1726 188 1793 Scilicet
210 1727 363 1791 exhausti·
382 1724 534 1790 Lachesis
556 1725 636 1790 mihi
658 1729 807 1808 tempora
833 1726 894 1791 fati

55 1816 104 1880 Te
128 1818 261 1880 tantum'
277 1814 432 1878 miserata
454 1812 549 1896 dedit,
572 1815 744 1898 superique
762 1817 911 1898 potentes

52 1903 218 1968 Inuidiam
241 1903 377 1967 timuere
401 1905 500 1966 tuam.
545 1905 620 1985 post
641 1903 705 1966 ista
727 1903 945 1988 propinquum

53 1991 154 2056 Nunc
177 1991 240 2056 iter
263 1989 486 2074 optandosque
510 1989 598 2054 sinus
622 2011 728 2054 comes
752 1991 800 2056 ire
824 1993 984 2057 moraris?

54 2078 131 2144 Heu
155 2079 213 2143 ubi
236 2083 316 2145 nota
338 2079 417 2143 fides
440 2081 553 2162 totque
577 2078 744 2161 explorata
766 2101 825 2162 per
847 2103 934 2162 usus,

55 2167 129 2244 Qua
152 2171 276 2232 ueteres
300 2166 412 2232 Latias
436 2166 615 2251 Graiaeque
638 2161 798 2233 Heroidas
823 2173 963 2251 aequas?

53 2256 142 2320 Isset
165 2257 206 2321 ad
228 2255 345 2321 Iliacas
369 2252 461 2341 (quid
484 2256 570 2319 enim
593 2255 734 2320 deterret
757 2255 942 2342 amantes'i)

53 2343 218 2428 Penelope
242 2345 356 2430 ganisa
379 2343 501 2427 domos,
524 2344 552 2407 si
574 2365 690 2427 passus
712 2342 838 2428 Ulixes,

54 2432 179 2508 Questa
202 2437 253 2496 est
274 2432 419 2518 Aegiale,
435 2429 558 2516 ¹questa
580 2436 630 2496 est
651 2431 813 2498 Meliboea
836 2432 985 2518 relinqui,

53 2521 101 2586 Et
124 2541 320 2604 quamquam
344 2521 433 2585 saeui
455 2520 601 2586 fecerunt
628 2521 786 2586 maenada
807 2522 965 2605 planctus.

54 2608 127 2674 Nec
150 2609 258 2674 minor
280 2609 331 2674 hir
354 2612 391 2674 tu
413 2630 509 2674 nosse
532 2609 627 2674 fidem
649 2605 867 2694 inuictamque
890 2611 1015 2676 maritis
1092 2629 1125 2678 50

129 2874 164 2923 28
183 2869 241 2925 fero
261 2902 294 2910 -
313 2873 487 2940 prementem
504 2873 605 2940 scripsi
623 2873 640 2926 i.
659 2873 676 2927 l.
692 2889 722 2940 p.
737 2877 809 2929 258:
827 2889 924 2955 premo
941 2875 1126 2930 -ferentem

52 2943 110 3007 (ita
133 2943 167 3010 A)
192 2943 313 3010 celtu
333 2941 504 2997 Politicrrue:
523 2943 568 2996 ter
585 2947 608 2994 A
627 2944 715 3013 ⁰l²9
734 2960 828 2999 comes
846 2952 864 2998 0
882 2964 907 3013 ι,
928 2963 998 3002 corr.
1017 2945 1098 3000 Dora.
1117 2945 1126 3017 ll

54 3018 90 3066 32
111 3011 227 3067 dolebas
250 3013 346 3068 Dera:
369 3012 477 3067 doleres
499 3017 523 3064 A
546 3018 564 3064 0
582 3015 591 3082 ΙΙ
609 3019 644 3067 34
667 3017 742 3069 totas
765 3015 833 3084 quin
854 3017 912 3081 (ael
929 3019 1058 3085 totasque
1078 3019 1125 3084 en)

54 3099 201 3138 murmura
218 3085 319 3152 scripsi
337 3084 354 3138 l.
374 3083 406 3138 1.:
424 3085 556 3152 totasque
574 3083 605 3136 in
622 3100 763 3139 murmure
781 3091 830 3139 ca
848 3089 994 3155 motasque
1008 3087 1038 3140 in
1051 3103 1124 3140 mur-

54 3169 138 3208 mura
159 3169 243 3209 uoces
265 3153 401 3209 Hessius
418 3155 478 3223 1137
496 3169 585 3222 prope
603 3158 627 3205 A
645 3159 675 3207 c:
696 3156 780 3210 modo
800 3159 842 3226 ςΙΙ
855 3161 889 3211 41
910 3157 1058 3226 superique
1077 3174 1126 3212 no-

55 3226 153 3279 centes
172 3225 307 3280 Heinsius
329 3227 340 3294 ll
361 3229 395 3278 43
415 3224 609 3293 optandosque
627 3229 650 3276 A
668 3230 698 3277 0:
717 3227 882 3294 optatosque
902 3232 919 3281 ς
943 3229 953 3297 ΙΙ
975 3232 1011 3280 44
1029 3227 1078 3282 ubi
1096 3233 1125 3280 c:

54 3295 110 3350 tibi
134 3299 152 3349 ς
176 3313 194 3347 ι
209 3297 219 3365 ΙΙ
236 3302 271 3350 45
295 3295 445 3366 graiasque
467 3295 563 3348 Dora„-
586 3293 677 3364 graias
696 3299 714 3345 0
732 3313 749 3348 a
770 3297 780 3364 ΙΙ
802 3301 836 3351 49
859 3297 897 3352 Et
919 3315 1005 3367 quam
1030 3300 1125 3366 (quam

55 3365 164 3432 saeuit)
184 3366 334 3421 Gerariirrs
356 3366 394 3419 Et
416 3381 501 3433 quam
523 3368 585 3420 tam
603 3364 681 3420 saeui
700 3364 818 3420 Graccus
844 3368 854 3436 ΙΙ
882 3373 916 3422 50
934 3368 1125 3431 inuictamque

54 3437 169 3505 scripsi:
192 3437 352 3504 uictamque
375 3441 405 3502 0,
430 3436 463 3489 irr
488 3440 511 3487 A
534 3435 594 3490 uict
616 3437 721 3490 litterae
743 3440 852 3492 ramma
875 3439 976 3507 dispici
993 3435 1123 3504 porrecte

55 3506 202 3576 uitamque
217 3513 235 3562 ς
250 3507 413 3576 firmamque
425 3505 505 3561 Dora.
520 3507 667 3575 totamque
686 3504 820 3562 Heinsius

1216 3399 1254 3451 f
