2534 3948
142 241 184 308 86
505 241 535 296 P.
556 241 694 296 PAPlNll
712 239 833 295 STATlI

143 389 276 472 Semper
300 386 441 452 odoratis
465 385 636 470 spirabunt
660 385 793 452 floribus
818 407 904 468 arae,

143 477 276 560 Semper
300 479 332 540 et
354 475 510 560 Assyrios
533 474 610 538 felix
633 473 724 538 bibet
746 497 827 538 urna
850 475 1004 559 liquores

142 565 188 631 Et
209 564 371 650 lacrimas,
393 564 447 650 qui
470 563 575 628 maior
596 563 710 628 honos.
742 563 795 627 hie
820 585 916 628 sacra
937 564 1070 628 litabit

142 653 295 718 Manibus
319 673 398 738 eque
422 656 478 717 tua
499 652 662 716 tumulum
684 652 800 716 tellure
823 652 957 717 leuabit

143 741 266 808 Nostra
289 763 415 827 quoque
438 739 586 824 exemplo
605 742 739 804 meritus
757 741 819 804 tibi
838 741 986 804 carmina
1010 741 1146 826 sanxit,
1189 759 1226 805 111

142 829 216 896 Hoc
238 831 337 897 etiam
360 828 504 916 gaudens
527 829 669 894 cinerem
692 828 830 894 donasse
854 830 1022 912 sepulcro.

648 1021 706 1087 IV.

466 1161 610 1216 CAPILLI
627 1162 737 1217 FLAUI
756 1161 895 1216 EARINI.

143 1273 201 1358 lte,
224 1293 344 1355 comae,
366 1270 559 1355 facilemque
580 1292 696 1353 precor
717 1271 930 1335 transcurrite
953 1277 1123 1355 pontum,

143 1361 191 1428 Ile
214 1363 368 1426 coronato
391 1360 583 1425 recubantes
606 1359 749 1424 molliter
772 1380 866 1441 aur03

144 1451 203 1534 lte,
225 1450 316 1516 dabit
339 1470 450 1515 cursus
473 1448 562 1514 mitis
586 1445 747 1531 Cytherea
770 1447 928 1512 secundos

143 1539 352 1626 l'lacabitque
374 1541 482 1622 notos,
504 1538 572 1602 fors
594 1540 628 1601 et
650 1537 689 1600 de
712 1557 820 1620 puppe
842 1536 991 1600 timenda

142 1627 330 1692 Transferat
353 1627 450 1712 inque
474 1648 532 1690 sua
555 1625 650 1690 ducet
673 1646 771 1707 super
793 1645 935 1708 aequora
959 1627 1106 1692 coneha.
1214 1643 1225 1687 1

143 1713 262 1798 Accipe
285 1715 445 1798 laudatos,
468 1713 594 1779 iuuenis
617 1712 787 1796 Phoebeie,
810 1713 927 1796 crines,

144 1803 232 1880 Quos
255 1803 315 1867 tibi
340 1801 515 1868 Caesareus
538 1802 639 1867 donat
661 1823 751 1885 puer,
774 1800 882 1884 accipe
904 1801 1013 1867 laetus

144 1891 343 1976 intonsoque
367 1890 500 1966 ostende
523 1889 617 1975 patri.
650 1891 720 1954 sine
744 1890 835 1953 dulce
858 1890 1002 1954 nitentes

143 1979 319 2064 Comparet
341 1981 437 2064 atque
460 1979 516 2044 diu
538 1979 648 2044 fratris
671 1981 764 2063 putet
786 1999 855 2043 esse
878 1977 989 2062 Lyaei.

146 2067 269 2136 llorsan
293 2071 325 2134 et
348 2069 418 2152 ipse
441 2089 552 2134 comae
574 2088 752 2151 numquam
774 2067 912 2131 labentis
935 2068 1106 2136 honorem
1197 2087 1220 2132 10

142 2157 327 2224 l'roemetet
349 2161 446 2242 atque
470 2157 535 2221 alio
559 2156 683 2220 clusum
707 2156 768 2220 tibi
791 2159 892 2239 ponet
913 2157 949 2220 in
973 2179 1068 2224 auro.

142 2245 308 2332 Pergamo,
331 2246 472 2330 pinifera
494 2244 633 2308 multum
655 2243 781 2309 felicior
802 2243 874 2308 Idal
1057 2261 1064 2266 ·

142 2333 205 2402 Illa
229 2333 304 2399 licet
327 2355 446 2400 sacrae
460 2334 588 2417 placeat
611 2332 673 2396 sibi
695 2333 781 2397 nube
804 2332 937 2416 rapinae

144 2419 283 2508 (Nempe
307 2422 395 2490 dedit
418 2422 543 2506 superis
566 2421 667 2504 illum,
691 2443 786 2506 quem
808 2421 939 2485 turbida
962 2443 1100 2506 semper
1246 2403 1247 2484 l

141 2509 223 2578 Iuno
248 2511 336 2578 uidet
359 2511 543 2597 refugitque
565 2513 698 2574 manum
723 2513 897 2593 nectarque
920 2510 1077 2598 recusat),
1194 2527 1220 2575 11
1246 2487 1247 2556 l

142 2597 188 2664 At
212 2601 247 2664 111
271 2603 365 2686 grata
388 2601 456 2666 deis
479 2599 676 2684 pulchroque
699 2599 835 2684 insignis
860 2598 991 2663 alumno

142 2685 263 2754 Misisti
286 2686 389 2772 Latio,
412 2687 538 2774 placida
561 2710 656 2772 quem
680 2687 787 2753 fronte
810 2687 995 2751 ministrum
1245 2747 1246 2762 ,

141 2773 265 2862 Iupiter
288 2776 452 2842 Ausonius
475 2777 597 2861 pariter
619 2776 832 2860 Romanaque
854 2775 936 2841 Iuno
1245 2783 1246 2861 l

143 2863 316 2950 Aspiciunt
339 2868 371 2929 et
394 2867 528 2950 uterque
552 2866 714 2950 probant.⁴
732 2883 791 2928 neo
813 2867 907 2928 tanta
929 2865 1058 2947 potenti

143 2951 316 3020 Terrarum
339 2953 469 3020 domino
494 2954 605 3020 diuum
628 2953 699 3018 sine
722 2956 829 3018 mente
852 2953 1017 3036 uoluptas.
1190 2972 1217 3019 ao

212 3221 264 3272 214
283 3233 354 3287 eque
377 3222 450 3272 Δῦε
475 3218 561 3286 atque
585 3222 603 3272 ς
623 3216 706 3286 inque
726 3217 831 3272 Morll.
851 3218 861 3286 ΙΙ
881 3214 1043 3270 2151111111
1063 3221 1083 3268 c
1102 3236 1130 3288 a,
1152 3236 1215 3276 corr.

140 3287 180 3342 ω’
203 3285 409 3412 illm'naam
427 3357 490 3413 aas
508 3373 542 3412 a
560 3362 595 3412 n:
621 3357 650 3413 o.
674 3358 741 3413 flaui
759 3358 841 3413 aaa
859 3356 1042 3427 apostalae
1056 3361 1095 3412 u:
1114 3359 1214 3416 raas

141 3427 390 3558 qllaq'qiuPrqmetet
408 3433 443 3480 Δε
464 3429 606 3484 Premeret
624 3435 642 3481 (1
660 3429 786 3484 Proferet
804 3428 884 3484 Dolo.
907 3429 917 3497 ΙΙ
941 3433 973 3481 13
993 3427 1080 3483 laude
1098 3431 1213 3501 rapinae
