<?xml version="1.0" encoding="UTF-8"?>
<!DOCTYPE html PUBLIC "-//W3C//DTD XHTML 1.0 Transitional//EN"
    "http://www.w3.org/TR/xhtml1/DTD/xhtml1-transitional.dtd">
<html xmlns="http://www.w3.org/1999/xhtml" xml:lang="en" lang="en">
 <head>
  <title>
</title>
<meta http-equiv="Content-Type" content="text/html;charset=utf-8" />
  <meta name='ocr-system' content='tesseract 3.04.00' />
  <meta name='ocr-capabilities' content='ocr_page ocr_carea ocr_par ocr_line ocrx_word'/>
</head>
<body>
  <div class='ocr_page' id='page_1' title='image "./silvae00baehgoog_0112.png"; bbox 0 0 2534 3948; ppageno 0'>
   <div class='ocr_carea' id='block_1_1' title="bbox 419 238 768 309">
    <p class='ocr_par' dir='ltr' id='par_1_1' title="bbox 419 238 768 309">
     <span class='ocr_line' id='line_1_1' title="bbox 419 238 768 309; baseline 0.003 -15"><span class='ocrx_word' id='word_1_1' title='bbox 419 238 606 294; x_wconf 76' lang='lat' dir='ltr'>sroulnon</span> <span class='ocrx_word' id='word_1_2' title='bbox 624 240 655 294; x_wconf 85' lang='lat' dir='ltr'>n.</span> <span class='ocrx_word' id='word_1_3' title='bbox 675 238 724 309; x_wconf 88' lang='grc' dir='ltr'>ιιι,</span> <span class='ocrx_word' id='word_1_4' title='bbox 742 245 768 295; x_wconf 78' lang='grc' dir='ltr'>ι.</span> 
     </span>
    </p>
   </div>
   <div class='ocr_carea' id='block_1_2' title="bbox 9 382 1132 3118">
    <p class='ocr_par' dir='ltr' id='par_1_2' title="bbox 53 382 791 466">
     <span class='ocr_line' id='line_1_2' title="bbox 53 382 791 466; baseline -0.001 -17"><span class='ocrx_word' id='word_1_5' title='bbox 53 383 190 450; x_wconf 82' lang='lat' dir='ltr'>Diciiur</span> <span class='ocrx_word' id='word_1_6' title='bbox 212 383 334 448; x_wconf 84' lang='lat' dir='ltr'>Idalios</span> <span class='ocrx_word' id='word_1_7' title='bbox 358 383 473 466; x_wconf 81' lang='lat' dir='ltr'>Erycis</span> <span class='ocrx_word' id='word_1_8' title='bbox 497 382 535 447; x_wconf 90' lang='lat' dir='ltr'>de</span> <span class='ocrx_word' id='word_1_9' title='bbox 558 383 678 448; x_wconf 79' lang='lat' dir='ltr'>uertice</span> <span class='ocrx_word' id='word_1_10' title='bbox 701 385 791 450; x_wconf 87' lang='lat' dir='ltr'>lucos</span> 
     </span>
    </p>

    <p class='ocr_par' dir='ltr' id='par_1_3' title="bbox 54 471 990 646">
     <span class='ocr_line' id='line_1_3' title="bbox 54 471 990 575; baseline 0.001 -38"><span class='ocrx_word' id='word_1_11' title='bbox 54 472 151 538; x_wconf 90' lang='lat' dir='ltr'>Dum</span> <span class='ocrx_word' id='word_1_12' title='bbox 175 473 301 558; x_wconf 73' lang='lat' dir='ltr'>petri</span> <span class='ocrx_word' id='word_1_13' title='bbox 281 475 313 536; x_wconf 90' lang='lat' dir='ltr'>e</span> <span class='ocrx_word' id='word_1_14' title='bbox 299 472 449 536; x_wconf 79' lang='lat' dir='ltr'>lmolles</span> <span class='ocrx_word' id='word_1_15' title='bbox 474 473 577 556; x_wconf 76' lang='lat' dir='ltr'>agilei</span> <span class='ocrx_word' id='word_1_16' title='bbox 527 471 712 537; x_wconf 76' lang='lat' dir='ltr'>laernus</span> <span class='ocrx_word' id='word_1_17' title='bbox 736 494 834 537; x_wconf 89' lang='lat' dir='ltr'>aurea</span> <span class='ocrx_word' id='word_1_18' title='bbox 857 493 990 575; x_wconf 62' lang='lat' dir='ltr'>cygnos</span> 
     </span>
     <span class='ocr_line' id='line_1_4' title="bbox 54 547 958 646; baseline 0 -20"><span class='ocrx_word' id='word_1_19' title='bbox 54 561 259 646; x_wconf 80' lang='lat' dir='ltr'>Pergameas</span> <span class='ocrx_word' id='word_1_20' title='bbox 283 547 423 625; x_wconf 79' lang='lat' dir='ltr'><strong>intrasse</strong></span> <span class='ocrx_word' id='word_1_21' title='bbox 446 560 569 644; x_wconf 86' lang='lat' dir='ltr'>domos,</span> <span class='ocrx_word' id='word_1_22' title='bbox 591 560 648 624; x_wconf 91' lang='lat' dir='ltr'>ubi</span> <span class='ocrx_word' id='word_1_23' title='bbox 669 561 828 626; x_wconf 86' lang='lat' dir='ltr'>maximus</span> <span class='ocrx_word' id='word_1_24' title='bbox 852 563 958 646; x_wconf 79' lang='lat' dir='ltr'>aegris</span> 
     </span>
    </p>

    <p class='ocr_par' dir='ltr' id='par_1_4' title="bbox 11 645 768 715">
     <span class='ocr_line' id='line_1_5' title="bbox 11 645 768 715; baseline 0 -1"><span class='ocrx_word' id='word_1_25' title='bbox 11 645 13 650; x_wconf 69' lang='grc'><strong>’</strong></span> <span class='ocrx_word' id='word_1_26' title='bbox 55 651 248 715; x_wconf 82' lang='lat' dir='ltr'>Auxiliator</span> <span class='ocrx_word' id='word_1_27' title='bbox 269 649 416 714; x_wconf 67' lang='lat' dir='ltr'>adesleb</span> <span class='ocrx_word' id='word_1_28' title='bbox 401 647 628 713; x_wconf 76' lang='lat' dir='ltr'>lfestinanlia</span> <span class='ocrx_word' id='word_1_29' title='bbox 651 649 768 714; x_wconf 77' lang='lat' dir='ltr'>sistens</span> 
     </span>
    </p>

    <p class='ocr_par' dir='ltr' id='par_1_5' title="bbox 11 737 1131 910">
     <span class='ocr_line' id='line_1_6' title="bbox 55 737 1131 823; baseline 0.001 -21"><span class='ocrx_word' id='word_1_30' title='bbox 55 737 144 803; x_wconf 72' lang='lat' dir='ltr'>Fata</span> <span class='ocrx_word' id='word_1_31' title='bbox 168 739 336 803; x_wconf 68' lang='lat' dir='ltr'>salutifero</span> <span class='ocrx_word' id='word_1_32' title='bbox 359 737 449 802; x_wconf 73' lang='lat' dir='ltr'>mitis</span> <span class='ocrx_word' id='word_1_33' title='bbox 473 737 551 802; x_wconf 86' lang='lat' dir='ltr'>deus</span> <span class='ocrx_word' id='word_1_34' title='bbox 573 737 707 802; x_wconf 73' lang='lat' dir='ltr'>incubat</span> <span class='ocrx_word' id='word_1_35' title='bbox 692 738 838 823; x_wconf 76' lang='lat' dir='ltr'>langui.</span> <span class='ocrx_word' id='word_1_36' title='bbox 1097 754 1131 803; x_wconf 80' lang='lat'>25</span> 
     </span>
     <span class='ocr_line' id='line_1_7' title="bbox 11 825 950 910; baseline 0.001 -20"><span class='ocrx_word' id='word_1_37' title='bbox 11 827 20 832; x_wconf 81' lang='grc'><em>”</em></span> <span class='ocrx_word' id='word_1_38' title='bbox 56 825 122 891; x_wconf 88' lang='lat' dir='ltr'>Hie</span> <span class='ocrx_word' id='word_1_39' title='bbox 147 849 284 910; x_wconf 88' lang='lat' dir='ltr'>puerum</span> <span class='ocrx_word' id='word_1_40' title='bbox 303 825 452 910; x_wconf 76' lang='lat' dir='ltr'>egregiae</span> <span class='ocrx_word' id='word_1_41' title='bbox 475 825 678 909; x_wconf 86' lang='lat' dir='ltr'>praeclarum</span> <span class='ocrx_word' id='word_1_42' title='bbox 701 825 803 891; x_wconf 86' lang='lat' dir='ltr'>sidere</span> <span class='ocrx_word' id='word_1_43' title='bbox 826 826 950 891; x_wconf 88' lang='lat' dir='ltr'>formae</span> 
     </span>
    </p>

    <p class='ocr_par' dir='ltr' id='par_1_6' title="bbox 10 914 816 998">
     <span class='ocr_line' id='line_1_8' title="bbox 10 914 816 998; baseline 0.004 -21"><span class='ocrx_word' id='word_1_44' title='bbox 10 917 12 922; x_wconf 86' lang='grc'><strong>’</strong></span> <span class='ocrx_word' id='word_1_45' title='bbox 54 914 170 998; x_wconf 81' lang='lat' dir='ltr'>Ipsius</span> <span class='ocrx_word' id='word_1_46' title='bbox 195 918 270 979; x_wconf 73' lang='lat' dir='ltr'>ante</span> <span class='ocrx_word' id='word_1_47' title='bbox 237 915 345 980; x_wconf 72' lang='lat' dir='ltr'>idei</span> <span class='ocrx_word' id='word_1_48' title='bbox 367 914 530 979; x_wconf 73' lang='lat' dir='ltr'>ludentem</span> <span class='ocrx_word' id='word_1_49' title='bbox 554 914 713 997; x_wconf 77' lang='lat' dir='ltr'>conspicit</span> <span class='ocrx_word' id='word_1_50' title='bbox 735 937 816 980; x_wconf 85' lang='lat' dir='ltr'>aras.</span> 
     </span>
    </p>

    <p class='ocr_par' dir='ltr' id='par_1_7' title="bbox 55 1003 847 1088">
     <span class='ocr_line' id='line_1_9' title="bbox 55 1003 847 1088; baseline -0.001 -21"><span class='ocrx_word' id='word_1_51' title='bbox 55 1003 109 1067; x_wconf 89' lang='lat' dir='ltr'>Ac</span> <span class='ocrx_word' id='word_1_52' title='bbox 135 1004 276 1088; x_wconf 90' lang='lat' dir='ltr'>primum</span> <span class='ocrx_word' id='word_1_53' title='bbox 300 1003 407 1067; x_wconf 72' lang='lat' dir='ltr'>subita</span> <span class='ocrx_word' id='word_1_54' title='bbox 429 1003 562 1086; x_wconf 87' lang='lat' dir='ltr'>paulum</span> <span class='ocrx_word' id='word_1_55' title='bbox 585 1003 720 1086; x_wconf 72' lang='lat' dir='ltr'>decepta</span> <span class='ocrx_word' id='word_1_56' title='bbox 741 1005 847 1087; x_wconf 89' lang='lat' dir='ltr'>figura</span> 
     </span>
    </p>

    <p class='ocr_par' dir='ltr' id='par_1_8' title="bbox 53 1089 866 1175">
     <span class='ocr_line' id='line_1_10' title="bbox 53 1089 866 1175; baseline -0.002 -18"><span class='ocrx_word' id='word_1_57' title='bbox 53 1091 223 1158; x_wconf 74' lang='lat' dir='ltr'>Natorum</span> <span class='ocrx_word' id='word_1_58' title='bbox 246 1091 284 1156; x_wconf 92' lang='lat' dir='ltr'>de</span> <span class='ocrx_word' id='word_1_59' title='bbox 306 1091 400 1175; x_wconf 89' lang='lat' dir='ltr'>plebe</span> <span class='ocrx_word' id='word_1_60' title='bbox 422 1093 530 1175; x_wconf 77' lang='lat' dir='ltr'>pulei,</span> <span class='ocrx_word' id='word_1_61' title='bbox 502 1089 611 1155; x_wconf 60' lang='lat' dir='ltr'>ised</span> <span class='ocrx_word' id='word_1_62' title='bbox 634 1111 702 1156; x_wconf 88' lang='lat' dir='ltr'>non</span> <span class='ocrx_word' id='word_1_63' title='bbox 724 1096 795 1156; x_wconf 76' lang='lat' dir='ltr'>erat</span> <span class='ocrx_word' id='word_1_64' title='bbox 817 1092 866 1156; x_wconf 90' lang='lat' dir='ltr'>illi</span> 
     </span>
    </p>

    <p class='ocr_par' dir='ltr' id='par_1_9' title="bbox 55 1139 1132 1353">
     <span class='ocr_line' id='line_1_11' title="bbox 55 1139 1132 1264; baseline 0.002 -20"><span class='ocrx_word' id='word_1_65' title='bbox 55 1179 168 1244; x_wconf 78' lang='lat' dir='ltr'>Arous</span> <span class='ocrx_word' id='word_1_66' title='bbox 192 1184 224 1244; x_wconf 79' lang='lat' dir='ltr'>et</span> <span class='ocrx_word' id='word_1_67' title='bbox 246 1201 285 1244; x_wconf 84' lang='lat' dir='ltr'>ex</span> <span class='ocrx_word' id='word_1_68' title='bbox 306 1180 449 1244; x_wconf 83' lang='lat' dir='ltr'>humeris</span> <span class='ocrx_word' id='word_1_69' title='bbox 471 1139 582 1244; x_wconf 89' lang='lat' dir='ltr'>nullae</span> <span class='ocrx_word' id='word_1_70' title='bbox 604 1178 805 1264; x_wconf 84' lang='lat' dir='ltr'>fulgenlibus</span> <span class='ocrx_word' id='word_1_71' title='bbox 829 1180 972 1247; x_wconf 81' lang='lat' dir='ltr'>umbrae</span> <span class='ocrx_word' id='word_1_72' title='bbox 1098 1197 1132 1246; x_wconf 86' lang='lat'>30</span> 
     </span>
     <span class='ocr_line' id='line_1_12' title="bbox 56 1266 874 1353; baseline 0.002 -22"><span class='ocrx_word' id='word_1_73' title='bbox 56 1267 203 1332; x_wconf 72' lang='lat' dir='ltr'>Miraiur</span> <span class='ocrx_word' id='word_1_74' title='bbox 224 1269 347 1352; x_wconf 87' lang='lat' dir='ltr'>puerile</span> <span class='ocrx_word' id='word_1_75' title='bbox 370 1266 466 1332; x_wconf 87' lang='lat' dir='ltr'>deous</span> <span class='ocrx_word' id='word_1_76' title='bbox 489 1267 679 1351; x_wconf 74' lang='lat' dir='ltr'>uultumque</span> <span class='ocrx_word' id='word_1_77' title='bbox 703 1290 874 1353; x_wconf 90' lang='lat' dir='ltr'>comasque</span> 
     </span>
    </p>

    <p class='ocr_par' dir='ltr' id='par_1_10' title="bbox 20 1355 903 1441">
     <span class='ocr_line' id='line_1_13' title="bbox 20 1355 903 1441; baseline 0.002 -21"><span class='ocrx_word' id='word_1_78' title='bbox 20 1366 22 1368; x_wconf 77' lang='grc'><strong>’</strong></span> <span class='ocrx_word' id='word_1_79' title='bbox 54 1356 232 1440; x_wconf 86' lang='lat' dir='ltr'>Aspiciens</span> <span class='ocrx_word' id='word_1_80' title='bbox 256 1356 345 1421; x_wconf 72' lang='lat' dir='ltr'>‘lune</span> <span class='ocrx_word' id='word_1_81' title='bbox 368 1355 545 1421; x_wconf 87' lang='lat' dir='ltr'>Ausonias&#39;</span> <span class='ocrx_word' id='word_1_82' title='bbox 570 1356 616 1420; x_wconf 75' lang='lat' dir='ltr'>aii</span> <span class='ocrx_word' id='word_1_83' title='bbox 639 1355 713 1420; x_wconf 81' lang='lat' dir='ltr'>‘ibis</span> <span class='ocrx_word' id='word_1_84' title='bbox 737 1357 778 1421; x_wconf 90' lang='lat' dir='ltr'>ad</span> <span class='ocrx_word' id='word_1_85' title='bbox 798 1360 903 1441; x_wconf 79' lang='lat' dir='ltr'>arceo,</span> 
     </span>
    </p>

    <p class='ocr_par' dir='ltr' id='par_1_11' title="bbox 54 1443 919 1530">
     <span class='ocr_line' id='line_1_14' title="bbox 54 1443 919 1530; baseline 0.001 -21"><span class='ocrx_word' id='word_1_86' title='bbox 54 1443 237 1529; x_wconf 76' lang='lat' dir='ltr'>Neglectae</span> <span class='ocrx_word' id='word_1_87' title='bbox 260 1443 401 1510; x_wconf 84' lang='lat' dir='ltr'>Ueneri?</span> <span class='ocrx_word' id='word_1_88' title='bbox 424 1449 462 1508; x_wconf 79' lang='lat' dir='ltr'>lu</span> <span class='ocrx_word' id='word_1_89' title='bbox 485 1444 615 1509; x_wconf 90' lang='lat' dir='ltr'>sordida</span> <span class='ocrx_word' id='word_1_90' title='bbox 637 1448 723 1509; x_wconf 76' lang='lat' dir='ltr'>lecta</span> <span class='ocrx_word' id='word_1_91' title='bbox 745 1446 919 1530; x_wconf 90' lang='lat' dir='ltr'>iugumque</span> 
     </span>
    </p>

    <p class='ocr_par' dir='ltr' id='par_1_12' title="bbox 55 1531 920 1618">
     <span class='ocr_line' id='line_1_15' title="bbox 55 1531 920 1618; baseline -0.001 -20"><span class='ocrx_word' id='word_1_92' title='bbox 55 1531 194 1598; x_wconf 76' lang='lat' dir='ltr'>Seruilii</span> <span class='ocrx_word' id='word_1_93' title='bbox 217 1535 350 1618; x_wconf 87' lang='lat' dir='ltr'>uulgare</span> <span class='ocrx_word' id='word_1_94' title='bbox 373 1532 481 1598; x_wconf 82' lang='lat' dir='ltr'>feres?</span> <span class='ocrx_word' id='word_1_95' title='bbox 511 1533 626 1616; x_wconf 88' lang='lat' dir='ltr'>procul</span> <span class='ocrx_word' id='word_1_96' title='bbox 648 1533 748 1597; x_wconf 75' lang='lat' dir='ltr'>absit:</span> <span class='ocrx_word' id='word_1_97' title='bbox 772 1553 832 1618; x_wconf 84' lang='lat' dir='ltr'>ego</span> <span class='ocrx_word' id='word_1_98' title='bbox 855 1533 920 1616; x_wconf 77' lang='lat' dir='ltr'>isti,</span> 
     </span>
    </p>

    <p class='ocr_par' dir='ltr' id='par_1_13' title="bbox 55 1620 1132 1793">
     <span class='ocr_line' id='line_1_16' title="bbox 55 1620 1132 1708; baseline 0.003 -24"><span class='ocrx_word' id='word_1_99' title='bbox 55 1620 166 1696; x_wconf 76' lang='lat' dir='ltr'>Quem</span> <span class='ocrx_word' id='word_1_100' title='bbox 180 1623 305 1705; x_wconf 77' lang='lat' dir='ltr'>meruit,</span> <span class='ocrx_word' id='word_1_101' title='bbox 319 1622 443 1686; x_wconf 90' lang='lat' dir='ltr'>formae</span> <span class='ocrx_word' id='word_1_102' title='bbox 458 1621 625 1686; x_wconf 86' lang='lat' dir='ltr'>dominum</span> <span class='ocrx_word' id='word_1_103' title='bbox 641 1620 733 1685; x_wconf 86' lang='lat' dir='ltr'>dabo.</span> <span class='ocrx_word' id='word_1_104' title='bbox 755 1621 837 1685; x_wconf 83' lang='lat' dir='ltr'>aede</span> <span class='ocrx_word' id='word_1_105' title='bbox 852 1641 912 1708; x_wconf 87' lang='lat' dir='ltr'>age</span> <span class='ocrx_word' id='word_1_106' title='bbox 926 1643 1062 1706; x_wconf 89' lang='lat' dir='ltr'>mecum,</span> <span class='ocrx_word' id='word_1_107' title='bbox 1098 1638 1132 1687; x_wconf 80' lang='lat'>35</span> 
     </span>
     <span class='ocr_line' id='line_1_17' title="bbox 55 1708 901 1793; baseline 0.001 -20"><span class='ocrx_word' id='word_1_108' title='bbox 55 1708 164 1791; x_wconf 80' lang='lat' dir='ltr'>Uada,</span> <span class='ocrx_word' id='word_1_109' title='bbox 185 1731 280 1793; x_wconf 89' lang='lat' dir='ltr'>puer:</span> <span class='ocrx_word' id='word_1_110' title='bbox 305 1709 418 1774; x_wconf 88' lang='lat' dir='ltr'>ducam</span> <span class='ocrx_word' id='word_1_111' title='bbox 442 1709 566 1774; x_wconf 90' lang='lat' dir='ltr'>uolucri</span> <span class='ocrx_word' id='word_1_112' title='bbox 589 1729 647 1792; x_wconf 90' lang='lat' dir='ltr'>per</span> <span class='ocrx_word' id='word_1_113' title='bbox 668 1709 774 1774; x_wconf 89' lang='lat' dir='ltr'>sidera</span> <span class='ocrx_word' id='word_1_114' title='bbox 797 1720 901 1774; x_wconf 86' lang='lat' dir='ltr'>curru&#39;</span> 
     </span>
    </p>

    <p class='ocr_par' dir='ltr' id='par_1_14' title="bbox 54 1796 946 1882">
     <span class='ocr_line' id='line_1_18' title="bbox 54 1796 946 1882; baseline 0.003 -21"><span class='ocrx_word' id='word_1_115' title='bbox 54 1796 193 1882; x_wconf 83' lang='lat' dir='ltr'>Donum</span> <span class='ocrx_word' id='word_1_116' title='bbox 215 1798 346 1862; x_wconf 84' lang='lat' dir='ltr'>inmane</span> <span class='ocrx_word' id='word_1_117' title='bbox 369 1797 457 1880; x_wconf 87' lang='lat' dir='ltr'>duoi;</span> <span class='ocrx_word' id='word_1_118' title='bbox 480 1818 540 1861; x_wconf 90' lang='lat' dir='ltr'>nee</span> <span class='ocrx_word' id='word_1_119' title='bbox 562 1801 595 1861; x_wconf 75' lang='lat' dir='ltr'>te</span> <span class='ocrx_word' id='word_1_120' title='bbox 618 1797 744 1881; x_wconf 87' lang='lat' dir='ltr'>plebeia</span> <span class='ocrx_word' id='word_1_121' title='bbox 766 1799 946 1864; x_wconf 77' lang='lat' dir='ltr'>manebunt</span> 
     </span>
    </p>

    <p class='ocr_par' dir='ltr' id='par_1_15' title="bbox 53 1885 768 1952">
     <span class='ocr_line' id='line_1_19' title="bbox 53 1885 768 1952; baseline 0 -2"><span class='ocrx_word' id='word_1_122' title='bbox 53 1886 150 1950; x_wconf 89' lang='lat' dir='ltr'>Iura:</span> <span class='ocrx_word' id='word_1_123' title='bbox 172 1885 321 1951; x_wconf 77' lang='lat' dir='ltr'>Palatino</span> <span class='ocrx_word' id='word_1_124' title='bbox 344 1887 485 1951; x_wconf 87' lang='lat' dir='ltr'>famulus</span> <span class='ocrx_word' id='word_1_125' title='bbox 509 1886 634 1950; x_wconf 87' lang='lat' dir='ltr'>deberis</span> <span class='ocrx_word' id='word_1_126' title='bbox 657 1886 768 1952; x_wconf 88' lang='lat' dir='ltr'>amori.</span> 
     </span>
    </p>

    <p class='ocr_par' dir='ltr' id='par_1_16' title="bbox 56 1973 910 2058">
     <span class='ocr_line' id='line_1_20' title="bbox 56 1973 910 2058; baseline 0.002 -20"><span class='ocrx_word' id='word_1_127' title='bbox 56 1973 119 2038; x_wconf 92' lang='lat' dir='ltr'>Nil</span> <span class='ocrx_word' id='word_1_128' title='bbox 143 1993 212 2058; x_wconf 89' lang='lat' dir='ltr'>ego,</span> <span class='ocrx_word' id='word_1_129' title='bbox 235 1975 291 2058; x_wconf 89' lang='lat' dir='ltr'>nil,</span> <span class='ocrx_word' id='word_1_130' title='bbox 313 1975 428 2058; x_wconf 76' lang='lat' dir='ltr'>fateor,</span> <span class='ocrx_word' id='word_1_131' title='bbox 449 1977 520 2039; x_wconf 76' lang='lat' dir='ltr'>loto</span> <span class='ocrx_word' id='word_1_132' title='bbox 542 1977 611 2039; x_wconf 76' lang='lat' dir='ltr'>tam</span> <span class='ocrx_word' id='word_1_133' title='bbox 633 1974 725 2040; x_wconf 91' lang='lat' dir='ltr'>duloe</span> <span class='ocrx_word' id='word_1_134' title='bbox 749 1974 809 2039; x_wconf 85' lang='lat' dir='ltr'>sub</span> <span class='ocrx_word' id='word_1_135' title='bbox 833 1976 910 2041; x_wconf 90' lang='lat' dir='ltr'>orbe</span> 
     </span>
    </p>

    <p class='ocr_par' dir='ltr' id='par_1_17' title="bbox 55 2060 1132 2236">
     <span class='ocr_line' id='line_1_21' title="bbox 55 2060 1132 2148; baseline 0.003 -22"><span class='ocrx_word' id='word_1_136' title='bbox 55 2062 130 2126; x_wconf 78' lang='lat' dir='ltr'>Aut</span> <span class='ocrx_word' id='word_1_137' title='bbox 153 2062 220 2126; x_wconf 90' lang='lat' dir='ltr'>uidi</span> <span class='ocrx_word' id='word_1_138' title='bbox 243 2067 300 2127; x_wconf 76' lang='lat' dir='ltr'>aut</span> <span class='ocrx_word' id='word_1_139' title='bbox 323 2063 430 2148; x_wconf 90' lang='lat' dir='ltr'>genui.</span> <span class='ocrx_word' id='word_1_140' title='bbox 462 2063 555 2127; x_wconf 75' lang='lat' dir='ltr'>aedat</span> <span class='ocrx_word' id='word_1_141' title='bbox 576 2063 638 2127; x_wconf 75' lang='lat' dir='ltr'>tibi</span> <span class='ocrx_word' id='word_1_142' title='bbox 660 2060 805 2126; x_wconf 72' lang='lat' dir='ltr'>Latmius</span> <span class='ocrx_word' id='word_1_143' title='bbox 828 2063 915 2127; x_wconf 76' lang='lat' dir='ltr'>ultro</span> <span class='ocrx_word' id='word_1_144' title='bbox 1097 2079 1132 2130; x_wconf 79' lang='lat'>40</span> 
     </span>
     <span class='ocr_line' id='line_1_22' title="bbox 55 2149 957 2236; baseline 0.001 -21"><span class='ocrx_word' id='word_1_145' title='bbox 55 2149 303 2235; x_wconf 82' lang='lat' dir='ltr'>Sangariusque</span> <span class='ocrx_word' id='word_1_146' title='bbox 326 2173 406 2234; x_wconf 89' lang='lat' dir='ltr'>puer</span> <span class='ocrx_word' id='word_1_147' title='bbox 428 2172 587 2235; x_wconf 89' lang='lat' dir='ltr'>quemque</span> <span class='ocrx_word' id='word_1_148' title='bbox 610 2151 703 2215; x_wconf 73' lang='lat' dir='ltr'>irrita</span> <span class='ocrx_word' id='word_1_149' title='bbox 725 2151 826 2215; x_wconf 77' lang='lat' dir='ltr'>fontis</span> <span class='ocrx_word' id='word_1_150' title='bbox 849 2151 957 2236; x_wconf 87' lang='lat' dir='ltr'>imago</span> 
     </span>
    </p>

    <p class='ocr_par' dir='ltr' id='par_1_18' title="bbox 55 2237 1054 2411">
     <span class='ocr_line' id='line_1_23' title="bbox 56 2237 1054 2322; baseline 0.002 -20"><span class='ocrx_word' id='word_1_151' title='bbox 56 2239 107 2302; x_wconf 77' lang='lat' dir='ltr'>Et</span> <span class='ocrx_word' id='word_1_152' title='bbox 132 2239 250 2304; x_wconf 71' lang='lat' dir='ltr'>sterilis</span> <span class='ocrx_word' id='word_1_153' title='bbox 274 2240 475 2322; x_wconf 76' lang='lat' dir='ltr'>consumpsit</span> <span class='ocrx_word' id='word_1_154' title='bbox 498 2261 597 2304; x_wconf 85' lang='lat' dir='ltr'>amor.</span> <span class='ocrx_word' id='word_1_155' title='bbox 633 2241 666 2304; x_wconf 77' lang='lat' dir='ltr'>le</span> <span class='ocrx_word' id='word_1_156' title='bbox 689 2240 816 2303; x_wconf 85' lang='lat' dir='ltr'>caerula</span> <span class='ocrx_word' id='word_1_157' title='bbox 838 2237 919 2304; x_wconf 90' lang='lat' dir='ltr'>Nais</span> <span class='ocrx_word' id='word_1_158' title='bbox 1052 2245 1054 2250; x_wconf 86' lang='grc'><strong>’</strong></span> 
     </span>
     <span class='ocr_line' id='line_1_24' title="bbox 55 2326 842 2411; baseline 0.001 -19"><span class='ocrx_word' id='word_1_159' title='bbox 55 2326 176 2392; x_wconf 79' lang='lat' dir='ltr'>Mallel</span> <span class='ocrx_word' id='word_1_160' title='bbox 198 2330 230 2391; x_wconf 76' lang='lat' dir='ltr'>el</span> <span class='ocrx_word' id='word_1_161' title='bbox 253 2349 415 2411; x_wconf 87' lang='lat' dir='ltr'>apprensa</span> <span class='ocrx_word' id='word_1_162' title='bbox 437 2328 591 2392; x_wconf 70' lang='lat' dir='ltr'>traxissel</span> <span class='ocrx_word' id='word_1_163' title='bbox 612 2327 728 2392; x_wconf 77' lang='lat' dir='ltr'>foriius</span> <span class='ocrx_word' id='word_1_164' title='bbox 752 2349 842 2393; x_wconf 88' lang='lat' dir='ltr'>urna.</span> 
     </span>
    </p>

    <p class='ocr_par' dir='ltr' id='par_1_19' title="bbox 9 2415 870 2500">
     <span class='ocr_line' id='line_1_25' title="bbox 9 2415 870 2500; baseline 0 -21"><span class='ocrx_word' id='word_1_165' title='bbox 9 2495 10 2498; x_wconf 8' lang='grc' dir='ltr'><strong>Ἴ</strong></span> <span class='ocrx_word' id='word_1_166' title='bbox 57 2415 121 2499; x_wconf 83' lang='grc' dir='ltr'>Τιι,</span> <span class='ocrx_word' id='word_1_167' title='bbox 144 2437 232 2499; x_wconf 80' lang='lat' dir='ltr'>puer,</span> <span class='ocrx_word' id='word_1_168' title='bbox 256 2419 331 2480; x_wconf 77' lang='lat' dir='ltr'>ante</span> <span class='ocrx_word' id='word_1_169' title='bbox 355 2416 475 2500; x_wconf 82' lang='lat' dir='ltr'>omnis3</span> <span class='ocrx_word' id='word_1_170' title='bbox 499 2416 586 2481; x_wconf 85' lang='lat' dir='ltr'>soluo</span> <span class='ocrx_word' id='word_1_171' title='bbox 610 2416 783 2482; x_wconf 87' lang='lat' dir='ltr'>formosior</span> <span class='ocrx_word' id='word_1_172' title='bbox 805 2415 870 2498; x_wconf 91' lang='lat' dir='ltr'>ille,</span> 
     </span>
    </p>

    <p class='ocr_par' dir='ltr' id='par_1_20' title="bbox 56 2503 1131 2678">
     <span class='ocr_line' id='line_1_26' title="bbox 58 2503 1131 2587; baseline 0.002 -19"><span class='ocrx_word' id='word_1_173' title='bbox 58 2503 124 2569; x_wconf 84' lang='lat' dir='ltr'>Cui</span> <span class='ocrx_word' id='word_1_174' title='bbox 148 2503 296 2569; x_wconf 66' lang='lat' dir='ltr'>daberis?</span> <span class='ocrx_word' id='word_1_175' title='bbox 329 2505 377 2568; x_wconf 87' lang='lat' dir='ltr'>sio</span> <span class='ocrx_word' id='word_1_176' title='bbox 399 2525 474 2569; x_wconf 87' lang='lat' dir='ltr'>orsa</span> <span class='ocrx_word' id='word_1_177' title='bbox 497 2505 596 2568; x_wconf 76' lang='lat' dir='ltr'>leues</span> <span class='ocrx_word' id='word_1_178' title='bbox 609 2525 718 2569; x_wconf 87' lang='lat' dir='ltr'>secum</span> <span class='ocrx_word' id='word_1_179' title='bbox 740 2503 813 2587; x_wconf 87' lang='lat' dir='ltr'>ipsa</span> <span class='ocrx_word' id='word_1_180' title='bbox 834 2525 893 2587; x_wconf 92' lang='lat' dir='ltr'>per</span> <span class='ocrx_word' id='word_1_181' title='bbox 916 2525 1012 2569; x_wconf 88' lang='lat' dir='ltr'>auras</span> <span class='ocrx_word' id='word_1_182' title='bbox 1097 2520 1131 2570; x_wconf 84' lang='lat'>45</span> 
     </span>
     <span class='ocr_line' id='line_1_27' title="bbox 56 2592 785 2678; baseline 0 -22"><span class='ocrx_word' id='word_1_183' title='bbox 56 2592 165 2657; x_wconf 78' lang='lat' dir='ltr'>Tollit</span> <span class='ocrx_word' id='word_1_184' title='bbox 187 2593 375 2678; x_wconf 85' lang='lat' dir='ltr'>olorinaque</span> <span class='ocrx_word' id='word_1_185' title='bbox 397 2593 488 2657; x_wconf 77' lang='lat' dir='ltr'>iubet</span> <span class='ocrx_word' id='word_1_186' title='bbox 510 2592 678 2657; x_wconf 86' lang='lat' dir='ltr'>considere</span> <span class='ocrx_word' id='word_1_187' title='bbox 700 2592 785 2676; x_wconf 86' lang='lat' dir='ltr'>biga.</span> 
     </span>
    </p>

    <p class='ocr_par' dir='ltr' id='par_1_21' title="bbox 56 2679 976 2854">
     <span class='ocr_line' id='line_1_28' title="bbox 56 2679 976 2765; baseline 0.001 -20"><span class='ocrx_word' id='word_1_188' title='bbox 56 2679 131 2745; x_wconf 91' lang='lat' dir='ltr'>Neo</span> <span class='ocrx_word' id='word_1_189' title='bbox 153 2703 253 2746; x_wconf 89' lang='lat' dir='ltr'>mora.</span> <span class='ocrx_word' id='word_1_190' title='bbox 288 2682 355 2746; x_wconf 91' lang='lat' dir='ltr'>iam</span> <span class='ocrx_word' id='word_1_191' title='bbox 377 2679 465 2745; x_wconf 78' lang='lat' dir='ltr'>Latii</span> <span class='ocrx_word' id='word_1_192' title='bbox 487 2684 614 2746; x_wconf 77' lang='lat' dir='ltr'>montes</span> <span class='ocrx_word' id='word_1_193' title='bbox 637 2681 818 2764; x_wconf 75' lang='lat' dir='ltr'>ueterisque</span> <span class='ocrx_word' id='word_1_194' title='bbox 841 2684 976 2765; x_wconf 79' lang='lat' dir='ltr'>penales</span> 
     </span>
     <span class='ocr_line' id='line_1_29' title="bbox 58 2768 921 2854; baseline 0.001 -21"><span class='ocrx_word' id='word_1_195' title='bbox 58 2768 218 2847; x_wconf 78' lang='lat' dir='ltr'>Euandri,</span> <span class='ocrx_word' id='word_1_196' title='bbox 242 2791 323 2854; x_wconf 89' lang='lat' dir='ltr'>quos</span> <span class='ocrx_word' id='word_1_197' title='bbox 347 2769 432 2834; x_wconf 89' lang='lat' dir='ltr'>mole</span> <span class='ocrx_word' id='word_1_198' title='bbox 453 2790 540 2833; x_wconf 89' lang='lat' dir='ltr'>noua</span> <span class='ocrx_word' id='word_1_199' title='bbox 562 2771 657 2853; x_wconf 75' lang='lat' dir='ltr'>paler</span> <span class='ocrx_word' id='word_1_200' title='bbox 679 2768 809 2833; x_wconf 72' lang='lat' dir='ltr'>incliius</span> <span class='ocrx_word' id='word_1_201' title='bbox 832 2769 921 2834; x_wconf 87' lang='lat' dir='ltr'>urbis</span> 
     </span>
    </p>

    <p class='ocr_par' dir='ltr' id='par_1_22' title="bbox 56 2856 909 2942">
     <span class='ocr_line' id='line_1_30' title="bbox 56 2856 909 2942; baseline 0.001 -21"><span class='ocrx_word' id='word_1_202' title='bbox 56 2856 192 2922; x_wconf 78' lang='lat' dir='ltr'>Exoolii</span> <span class='ocrx_word' id='word_1_203' title='bbox 214 2861 247 2922; x_wconf 77' lang='lat' dir='ltr'>et</span> <span class='ocrx_word' id='word_1_204' title='bbox 270 2859 404 2928; x_wconf 87' lang='lat' dir='ltr'>summis</span> <span class='ocrx_word' id='word_1_205' title='bbox 429 2860 546 2942; x_wconf 79' lang='lat' dir='ltr'>aequal</span> <span class='ocrx_word' id='word_1_206' title='bbox 568 2856 779 2921; x_wconf 83' lang='lat' dir='ltr'>Germanicus</span> <span class='ocrx_word' id='word_1_207' title='bbox 803 2857 909 2922; x_wconf 80' lang='lat' dir='ltr'>osiris.</span> 
     </span>
    </p>

    <p class='ocr_par' dir='ltr' id='par_1_23' title="bbox 58 2945 1131 3118">
     <span class='ocr_line' id='line_1_31' title="bbox 58 2945 1131 3030; baseline 0.002 -21"><span class='ocrx_word' id='word_1_208' title='bbox 58 2945 153 3010; x_wconf 84' lang='lat' dir='ltr'>Tunc</span> <span class='ocrx_word' id='word_1_209' title='bbox 175 2946 307 3029; x_wconf 85' lang='lat' dir='ltr'>propior</span> <span class='ocrx_word' id='word_1_210' title='bbox 330 2947 395 3010; x_wconf 92' lang='lat' dir='ltr'>iam</span> <span class='ocrx_word' id='word_1_211' title='bbox 419 2967 495 3011; x_wconf 87' lang='lat' dir='ltr'>cura</span> <span class='ocrx_word' id='word_1_212' title='bbox 518 2946 604 3029; x_wconf 85' lang='lat' dir='ltr'>deae,</span> <span class='ocrx_word' id='word_1_213' title='bbox 627 2967 708 3029; x_wconf 88' lang='lat' dir='ltr'>quae</span> <span class='ocrx_word' id='word_1_214' title='bbox 730 2946 837 3010; x_wconf 85' lang='lat' dir='ltr'>forma</span> <span class='ocrx_word' id='word_1_215' title='bbox 859 2946 984 3030; x_wconf 86' lang='lat' dir='ltr'>capillis</span> <span class='ocrx_word' id='word_1_216' title='bbox 1097 2961 1131 3011; x_wconf 78' lang='lat'>50</span> 
     </span>
     <span class='ocr_line' id='line_1_32' title="bbox 58 3033 897 3118; baseline 0 -20"><span class='ocrx_word' id='word_1_217' title='bbox 58 3033 203 3118; x_wconf 78' lang='lat' dir='ltr'>optima,</span> <span class='ocrx_word' id='word_1_218' title='bbox 227 3056 309 3117; x_wconf 88' lang='lat' dir='ltr'>quae</span> <span class='ocrx_word' id='word_1_219' title='bbox 331 3035 431 3100; x_wconf 81' lang='lat' dir='ltr'>uestis</span> <span class='ocrx_word' id='word_1_220' title='bbox 454 3056 565 3100; x_wconf 84' lang='lat' dir='ltr'>roseos</span> <span class='ocrx_word' id='word_1_221' title='bbox 589 3034 763 3099; x_wconf 88' lang='lat' dir='ltr'>accendere</span> <span class='ocrx_word' id='word_1_222' title='bbox 786 3035 897 3099; x_wconf 77' lang='lat' dir='ltr'>uultus</span> 
     </span>
    </p>
   </div>
   <div class='ocr_carea' id='block_1_3' title="bbox 57 3345 1131 3559">
    <p class='ocr_par' dir='ltr' id='par_1_24' title="bbox 57 3345 1127 3559">
     <span class='ocr_line' id='line_1_33' title="bbox 132 3345 1126 3419; baseline -0.001 -18"><span class='ocrx_word' id='word_1_223' title='bbox 132 3347 665 3419; x_wconf 72' lang='lat' dir='ltr'>28anb1ta]dnb1aHeiaoiua;molim</span> <span class='ocrx_word' id='word_1_224' title='bbox 678 3345 839 3416; x_wconf 67' lang='lat' dir='ltr'>nitidaque</span> <span class='ocrx_word' id='word_1_225' title='bbox 854 3348 960 3401; x_wconf 56' lang='lat' dir='ltr'>tems·</span> <span class='ocrx_word' id='word_1_226' title='bbox 978 3347 1037 3402; x_wconf 81' lang='lat' dir='ltr'>iam</span> <span class='ocrx_word' id='word_1_227' title='bbox 1050 3348 1126 3417; x_wconf 76' lang='grc' dir='ltr'>Αο1</span> 
     </span>
     <span class='ocr_line' id='line_1_34' title="bbox 57 3389 1131 3488; baseline -0.002 -16"><span class='ocrx_word' id='word_1_228' title='bbox 57 3423 95 3472; x_wconf 85' lang='grc'>40</span> <span class='ocrx_word' id='word_1_229' title='bbox 114 3417 197 3472; x_wconf 74' lang='lat' dir='ltr'>cedat</span> <span class='ocrx_word' id='word_1_230' title='bbox 216 3436 245 3470; x_wconf 78' lang='grc' dir='ltr'>ι.</span> <span class='ocrx_word' id='word_1_231' title='bbox 264 3418 345 3474; x_wconf 81' lang='lat' dir='ltr'>cedat</span> <span class='ocrx_word' id='word_1_232' title='bbox 363 3424 381 3470; x_wconf 92' lang='grc'><strong>0</strong></span> <span class='ocrx_word' id='word_1_233' title='bbox 400 3418 501 3474; x_wconf 70' lang='lat' dir='ltr'>codano</span> <span class='ocrx_word' id='word_1_234' title='bbox 519 3389 654 3473; x_wconf 66' lang='lat' dir='ltr'>flamina</span> <span class='ocrx_word' id='word_1_235' title='bbox 669 3421 673 3487; x_wconf 78' lang='grc' dir='ltr'>Ι</span> <span class='ocrx_word' id='word_1_236' title='bbox 689 3417 833 3472; x_wconf 79' lang='grc' dir='ltr'>ΙιιιιιὶιιιΑ</span> <span class='ocrx_word' id='word_1_237' title='bbox 810 3419 901 3488; x_wconf 79' lang='grc' dir='ltr'>Α,ι’οιι</span> <span class='ocrx_word' id='word_1_238' title='bbox 918 3419 963 3473; x_wconf 79' lang='lat' dir='ltr'>cel</span> <span class='ocrx_word' id='word_1_239' title='bbox 980 3417 1071 3474; x_wconf 85' lang='lat' dir='ltr'>lanius</span> <span class='ocrx_word' id='word_1_240' title='bbox 1087 3397 1131 3486; x_wconf 80' lang='lat' dir='ltr'>cl</span> 
     </span>
     <span class='ocr_line' id='line_1_35' title="bbox 57 3487 986 3559; baseline -0.002 -16"><span class='ocrx_word' id='word_1_241' title='bbox 57 3496 93 3543; x_wconf 78' lang='lat'>47</span> <span class='ocrx_word' id='word_1_242' title='bbox 113 3490 280 3558; x_wconf 63' lang='lat' dir='ltr'>ueteresque</span> <span class='ocrx_word' id='word_1_243' title='bbox 298 3495 315 3541; x_wconf 92' lang='grc'><strong>0</strong></span> <span class='ocrx_word' id='word_1_244' title='bbox 334 3507 359 3558; x_wconf 76' lang='grc' dir='ltr'>ι,</span> <span class='ocrx_word' id='word_1_245' title='bbox 378 3505 447 3545; x_wconf 79' lang='lat' dir='ltr'>corr.</span> <span class='ocrx_word' id='word_1_246' title='bbox 466 3490 601 3544; x_wconf 78' lang='lat' dir='ltr'>Barthiuo</span> <span class='ocrx_word' id='word_1_247' title='bbox 614 3491 624 3559; x_wconf 81' lang='grc' dir='ltr'>ΙΙ</span> <span class='ocrx_word' id='word_1_248' title='bbox 638 3494 672 3544; x_wconf 82' lang='grc'>48</span> <span class='ocrx_word' id='word_1_249' title='bbox 691 3488 767 3544; x_wconf 87' lang='lat' dir='ltr'>urbis</span> <span class='ocrx_word' id='word_1_250' title='bbox 787 3493 805 3543; x_wconf 75' lang='grc' dir='ltr'><strong>ς</strong></span> <span class='ocrx_word' id='word_1_251' title='bbox 824 3507 855 3543; x_wconf 82' lang='grc' dir='ltr'>ιι.</span> <span class='ocrx_word' id='word_1_252' title='bbox 874 3487 949 3544; x_wconf 86' lang='lat' dir='ltr'>orbrs</span> <span class='ocrx_word' id='word_1_253' title='bbox 968 3495 986 3541; x_wconf 93' lang='grc'><strong>0</strong></span> 
     </span>
    </p>
   </div>
   <div class='ocr_carea' id='block_1_4' title="bbox 0 0 1275 3948">
    <p class='ocr_par' dir='ltr' id='par_1_25' title="bbox 0 0 1275 3948">
     <span class='ocr_line' id='line_1_36' title="bbox 0 0 1275 3948; baseline 0 0"><span class='ocrx_word' id='word_1_254' title='bbox 0 0 1275 3948; x_wconf 95' lang='lat' dir='ltr'> </span> 
     </span>
    </p>
   </div>
  </div>
 </body>
</html>
