2534 3960
101 261 142 297 ιιι
438 237 610 295 EDITORIS
628 237 845 294 PRAEFATIO.

102 387 250 452 inmensa
281 384 418 450 materia
453 377 628 468 prudenter
660 404 698 448 aa
730 404 812 468 qnae
844 381 978 447 alicuius
1014 381 1174 447 momenti

103 478 212 539 essent
234 473 352 559 eligere
375 476 557 557 coegerunt.
1260 477 1261 488 ¹

192 561 371 646 Postquam
400 564 509 625 autem
538 559 703 625 Domitius
735 556 925 624 Gelderinus
955 558 1088 643 eiusque
1118 559 1174 624 ad·
1260 613 1261 646 ,

103 651 265 716 uersarius
296 650 442 734 Angelus
473 648 671 732 Politianus,
706 648 821 713 deinde
852 646 1016 712 Auentina
1055 648 1174 733 quique
1260 653 1261 712 T

104 739 242 804 Aldinae
265 741 468 822 cureuenmt,
489 758 566 802 mcx
584 735 774 802 Bernartius
792 735 1029 822 Geuartiusque
1048 741 1082 802 et
1094 735 1173 802 Gro-

105 828 238 910 nouius,
264 830 335 891 tum
363 824 398 892 Ο.
419 824 574 891 Barthius
602 827 636 890 et
658 822 794 890 Guietus
818 823 1085 910 Peyraredusqne
1111 846 1172 909 pro
1261 895 1262 906 ,

106 937 164 981 suo
188 915 325 1001 quisque
353 915 486 1001 ingenio
513 916 630 998 poetae
651 910 872 997 Neapolitano
896 912 1034 978 salutem
1056 913 1175 979 lucem·

106 1025 167 1090 que
191 1003 379 1087 attulenmt,
401 1003 510 1068 extitit
528 1002 632 1067 eidem
651 1023 710 1086 par
729 1001 915 1066 criticorum
932 1001 1174 1067 nobilissimum

106 1092 255 1178 quodque
269 1090 416 1157 Dauniae
431 1089 593 1156 Camenae
606 1093 769 1156 amatores
781 1111 958 1174 numquam
977 1090 1057 1155 satie
1071 1091 1174 1175 suspi·
1262 1117 1263 1124 ¹

106 1181 202 1264 cient,
224 1178 382 1246 Nicolaus
400 1178 556 1245 Heinsius
575 1183 609 1244 et
624 1179 779 1244 Ieremias
796 1177 1017 1244 Marklandus.
1040 1181 1073 1244 et
1086 1179 1176 1244 illius

108 1268 238 1355 quidem
262 1268 370 1333 studia
390 1269 583 1353 Pupiniam,
605 1271 721 1351 utpote
744 1268 778 1332 in
801 1267 870 1332 eius
888 1266 1094 1332 Aduersariis
1115 1267 1176 1332 ori·

106 1357 181 1422 tiois
203 1356 366 1440 uariisque
390 1356 632 1422 commentariis
660 1355 841 1439 latitantia,
868 1355 975 1420 minus
998 1355 1034 1420 in
1057 1355 1175 1440 uulgus
1263 1403 1264 1442 ,

108 1448 303 1511 enotuerunt
334 1467 437 1530 neque
470 1467 508 1509 eo
540 1466 604 1529 quo
636 1465 697 1529 per
726 1447 797 1508 erat
821 1443 945 1509 honore
973 1443 1078 1509 adhuc
1101 1448 1177 1509 sunt
1263 1457 1264 1522 l

107 1530 270 1620 habita*).
308 1533 349 1598 ad
366 1533 464 1599 huius
482 1537 516 1598 et
532 1532 717 1598 Marklendi
734 1533 852 1597 merita
868 1536 955 1597 reete
974 1532 1178 1598 aestimande
1263 1553 1264 1564 ¹

108 1644 286 1707 numquam
314 1621 570 1688 obliuiscendum
593 1625 656 1704 ost,
682 1620 749 1685 fere
773 1641 902 1686 omnem
925 1641 1037 1686 eorum
1059 1621 1099 1686 de
1122 1621 1177 1686 sil·

108 1732 223 1776 narum
246 1709 433 1775 condicione
457 1710 569 1774 critica
590 1709 744 1774 notitiam
768 1709 900 1776 stetisse
922 1709 957 1774 in
980 1709 1178 1774 editionibus

109 1799 235 1883 aliquot
258 1799 412 1882 netrmtis3
439 1797 523 1864 unde
551 1797 592 1863 ob
620 1797 724 1882 ipsius
750 1797 954 1862 fundamenti
976 1797 1178 1862 incertitudi-

107 1909 183 1952 nem
212 1907 268 1952 eos
298 1908 319 1951 a
346 1909 425 1953 nero
454 1886 616 1952 interdum
644 1885 812 1951 aberrasse
839 1886 949 1951 claret
997 1886 1108 1972 itaque
1136 1886 1177 1952 ab
1264 1899 1265 1906 ’

109 1975 256 2060 ingenio,
280 1974 367 2060 quod
387 1975 517 2061 utrique
540 1995 618 2040 sane
641 1974 788 2040 diuinum
811 1978 891 2058 erat,
915 1975 1071 2039 auxilium
1094 1975 1177 2059 peti·

109 2067 240 2148 nerunt3
268 2068 301 2128 et
329 2065 467 2129 accessit
492 2063 623 2149 ingenio
652 2063 783 2128 assidue
809 2066 981 2147 poetarum
1002 2063 1179 2128 latinorum

108 2153 208 2218 lectio
232 2173 333 2236 enque
357 2174 439 2238 quse
461 2151 617 2217 iudicium
638 2172 705 2217 non
728 2152 880 2217 obrueret
898 2151 1047 2217 doctrina
1065 2151 1180 2217 solide.
1265 2197 1266 2208 ι

108 2241 160 2306 his
184 2240 360 2306 uirtutibus
387 2241 540 2306 instructi
562 2240 681 2305 mirum
704 2244 754 2305 est
777 2244 857 2325 quot
879 2239 930 2304 illi
952 2240 1097 2305 macrdas
1121 2240 1176 2305 sil·

109 2329 160 2394 uis
191 2328 398 2414 deterserint,
427 2334 466 2394 ut
487 2329 615 2394 nescies
646 2329 711 2394 utri
740 2350 851 2393 eorum
877 2328 1021 2413 palmam
1043 2328 1180 2394 deferas.

111 2417 167 2483 sed
189 2415 356 2500 Heinsius,
378 2419 435 2505 qui
456 2439 524 2483 non
545 2417 665 2482 iustam
689 2417 845 2482 siluarum
866 2417 1088 2482 recensionem
1111 2417 1180 2503 egit

111 2506 168 2571 sed
195 2505 407 2572 desultoriam
433 2507 543 2592 potius
571 2527 703 2588 operum
731 2505 777 2570 eis
804 2504 977 2590 impendit,
1003 2506 1112 2571 neseio
1136 2527 1179 2570 en

111 2595 226 2660 natine
247 2594 371 2678 ingenii
392 2595 550 2661 felicitate
573 2595 646 2677 plus
668 2594 884 2678 praestiterit,
914 2615 986 2660 oum
1009 2597 1123 2659 eontra
1145 2594 1179 2658 in

109 2681 303 2748 Marklando
325 2683 431 2747 maius
453 2683 571 2747 mentis
600 2703 734 2748 acumen
758 2683 802 2746 sit
825 2681 1059 2748 admirandum.
1094 2681 1180 2767 quod

183 2928 210 2997 *)
224 2927 292 2996 quin
312 2925 371 2982 eius
389 2927 470 2982 notes
488 2925 629 2984 interdum
647 2926 735 2982 tacite
754 2927 951 2996 excripsenmt.
970 2926 1060 2982 ueluti
1078 2942 1179 2997 nuper-

112 2997 201 3052 rimus
220 2997 354 3053 siluarum
373 2996 472 3066 editor,
491 2995 632 3052 (tustanus
648 2996 797 3074 Queckius,
815 2998 852 3054 ed
865 2997 904 3052 IV
923 3004 948 3064 3,
967 3003 1011 3068 20,
1029 2997 1181 3094 postquam

113 3068 280 3138 scripturam
295 3066 424 3123 codicum
445 3067 550 3138 attulit,
564 3068 635 3124 haec
648 3068 744 3138 posuit
759 3067 855 3138 (praef.
870 3086 898 3138 p.
907 3067 1011 3136 xxn)=
1046 3067 1179 3137 Legimus

114 3154 193 3208 ergo:
218 3140 263 3194 lu'e
280 3153 372 3208 cepaea
385 3139 488 3209 populi
504 3140 565 3194 cius
581 3144 725 3209 praeatus.
763 3141 898 3209 scriptum
915 3138 1008 3193 fuerat
1025 3140 1112 3193 aecuis
1129 3156 1180 3208 pro

111 3209 221 3280 asquia!
259 3209 363 3264 hausta
385 3211 451 3264 sunt
472 3209 542 3264 haec
566 3225 655 3280 paene
678 3210 716 3264 ad
737 3209 856 3265 uerbum
878 3225 914 3266 ex
936 3208 1045 3264 Heinsii
1062 3209 1179 3265 Aduena

113 3297 141 3350 p.
153 3285 213 3335 104.
227 3309 263 3320 -
278 3282 402 3334 ceterum
415 3277 507 3334 adfuit
519 3281 601 3336 nobis
619 3298 654 3336 ex
671 3280 846 3336 bibliotheca
863 3279 1055 3335 uniuersitatis
1070 3277 1181 3334 Gottin-

134 3350 208 3406 ensis
230 3350 306 3406 inter
327 3349 386 3404 alia
408 3350 445 3406 ad
464 3349 586 3406 Statium
608 3350 779 3421 pertinentia
801 3368 879 3406 exem
900 3351 944 3405 lsr
966 3350 1098 3406 editionis
1116 3350 1182 3406 Lin-

114 3368 331 3492 denbrogianae,
348 3420 379 3476 in
397 3437 454 3490 qua
467 3421 644 3478 Burmannus
659 3437 721 3476 eum
732 3437 796 3481 sues
814 3425 873 3478 tum
911 3421 992 3476 einsii
1007 3421 1182 3477 coniecturas

113 3492 261 3563 plerasque
280 3490 434 3562 adscripsit.
