2534 3960
425 253 615 317 SILUARUM
632 256 663 310 L.
683 257 748 324 1‚.2.
1082 255 1121 319 11

43 397 248 482 Demigrant
269 397 424 462 Helicone
453 397 532 462 deae
560 398 772 484 quatiuntque
799 420 928 464 nouena

43 485 218 569 Lampade
241 486 430 554 sollemnem
452 485 607 550 thalamis
627 489 816 552 coeuntibus
834 488 945 572 ignem
1106 503 1122 552 o

44 573 100 638 Et
123 573 161 638 de
184 573 297 638 Pieriis
320 575 466 639 uocalem
489 575 636 639 fontibus
659 576 789 640 undam.

46 661 143 736 Quas
166 663 252 727 inter
274 663 368 727 uultu
389 663 540 745 petulans
563 662 687 747 Elegea
712 665 910 748 propinquat

46 749 181 815 Celsior
204 750 338 816 adsueto
361 751 517 834 diuaeque
539 751 689 816 hortatur
712 756 745 816 et
768 753 871 816 ambit

45 839 228 903 Alternum
250 839 374 904 fultura
395 839 509 922 pedem
533 839 752 923 decimamque
776 841 880 904 uideri

46 926 97 991 Se
120 927 210 1010 cupit
233 931 265 991 et
287 927 409 992 medias
433 927 518 991 fallit
540 927 700 1010 permixte
723 950 859 994 sorores.
956 1003 958 1010 1
1087 945 1121 994 10

45 1015 131 1098 Ipsa
153 1037 251 1080 manu
273 1018 410 1099 nuptam
434 1015 582 1100 genetrix
604 1015 727 1080 Aeneia
750 1017 840 1082 ducit

44 1101 194 1168 Lumina
216 1103 388 1168 demissam
411 1108 445 1167 et
466 1103 552 1168 dulci
574 1105 737 1187 probitate
759 1106 944 1192 rubentem3

44 1192 132 1274 Ipsa
153 1195 243 1257 toros
266 1194 300 1256 et
322 1213 414 1256 sacra
436 1196 531 1275 parat
553 1193 724 1278 cinctuque
746 1193 864 1259 Latino

44 1280 267 1344 Dissimulate
289 1280 383 1344 deam
406 1281 528 1345 crinem
551 1282 724 1366 uultusque
748 1303 914 1366 genasque

46 1369 230 1452 Temperat
252 1374 349 1453 atque
371 1389 459 1434 noua
482 1370 581 1453 gestit
603 1370 710 1435 minor
732 1370 779 1436 ire
802 1371 928 1436 marita
1089 1384 1123 1433 15

45 1455 164 1522 Nosco
188 1457 273 1522 diem
295 1478 473 1539 causasque
497 1459 593 1521 sacri:
617 1461 649 1521 tc
672 1459 813 1523 concinit
834 1458 897 1522 iste

48 1544 179 1629 (Pande
201 1543 327 1630 forest),
350 1549 392 1627 te,
416 1544 525 1628 Stella,
548 1543 681 1627 chorus3
704 1545 766 1610 tibi
778 1545 930 1610 Phoebus
954 1547 987 1610 et
1004 1544 1123 1609 Euhan

46 1634 99 1698 Et
122 1634 161 1698 de
184 1631 349 1696 Maenalia
371 1632 502 1697 uolucer
525 1630 719 1716 Tegeaticus
742 1633 860 1697 umbra

48 1721 150 1786 Serta
171 1721 288 1784 fenmt.
332 1740 392 1784 nec
414 1719 553 1784 blandus
577 1719 681 1785 Amor
702 1743 762 1785 nee
785 1720 899 1786 Gratia
921 1724 1027 1787 cessat

46 1809 251 1893 Amplexum
273 1808 387 1873 niueos
411 1810 542 1892 optatae
566 1807 714 1893 coniugis
738 1812 829 1874 artus
1070 1825 1123 1875 '20

47 1897 203 1962 Floribus
227 1896 403 1962 innumeris
427 1899 460 1961 et
482 1897 583 1961 olenti
606 1918 758 1982 spargere
781 1898 903 1963 nimbo.

49 1986 106 2050 Tu
129 1986 225 2050 modo
249 1985 357 2049 fronte
379 2006 481 2062 rosas,
503 1985 600 2051 uiolis
624 1986 721 2052 modo
744 1986 814 2050 lilia
837 1986 941 2050 mixta

48 2073 188 2158 Excipis
212 2076 246 2138 et
268 2073 417 2138 dominae
438 2073 544 2138 niueis
569 2096 588 2138 a
610 2074 754 2138 uultibus
779 2075 900 2140 obstas.

49 2163 145 2246 Ergo
169 2162 237 2226 dies
260 2162 371 2226 aderat
392 2161 568 2225 Parcarum
591 2161 739 2226 conditus
764 2163 839 2227 albo

49 2250 193 2334 Uellere‚
216 2271 280 2334 quo
305 2248 425 2314 Stellae
447 2247 721 2334 Uiolentillaeque
743 2251 909 2334 professus
1089 2265 1123 2314 25

52 2337 258 2402 Clamaretur
279 2338 407 2420 hymen.
454 2337 569 2401 cedant
592 2359 749 2423 curaeque
772 2341 955 2424 metusque,

52 2425 192 2491 Cessent
214 2424 384 2489 mendaces
408 2425 534 2509 obliqui
556 2426 708 2491 carminis
733 2430 838 2509 astus,

51 2513 159 2579 Fama
180 2517 265 2578 tace:
303 2513 402 2580 subiit
428 2513 518 2597 leges
541 2517 574 2576 et
596 2513 687 2578 frena
711 2515 886 2580 momordit

52 2601 115 2667 Ille
139 2603 263 2669 solutus
288 2623 392 2666 amor:
415 2605 609 2685 consumpta
633 2605 683 2667 est
705 2603 818 2669 fabula
840 2603 942 2689 uulgi,

52 2690 100 2755 Et
122 2693 254 2755 narrata
277 2690 332 2755 diu
355 2689 506 2754 uiderunt
528 2692 639 2756 oscula
662 2692 758 2756 ciues.
1089 2709 1124 2760 30

56 2778 107 2843 Tu
129 2782 241 2843 tamen
264 2778 432 2857 attonitus,
456 2779 604 2861 quamuis
628 2779 704 2844 data
726 2781 821 2864 copia
842 2784 955 2847 tantae

56 2865 173 2952 sortis,
196 2867 301 2932 adhue
325 2868 419 2950 optas
442 2867 663 2951 permissaque
686 2870 819 2934 numine
842 2870 955 2934 dextro

54 2953 145 3020 Uota
166 2977 276 3038 paues.
321 2976 407 3038 pone
431 2977 450 3019 o
474 2955 585 3040 dulcis,
608 2956 756 3043 suspiria,
778 2961 884 3042 uates,

129 3152 145 3200 9
164 3144 271 3200 fultura
290 3149 321 3200 s:
340 3145 450 3200 factura
468 3150 486 3197 (t
505 3164 522 3198 a
539 3146 661 3201 fractum
679 3147 830 3202 Garmias
847 3148 973 3202 tractura
990 3147 1126 3202 Heinsius

54 3215 64 3285 11
90 3222 122 3270 11
148 3215 227 3270 ducit
249 3221 284 3270 A:
308 3216 389 3272 duxit
412 3217 508 3286 01112
532 3216 651 3272 Lumine
673 3220 748 3300 (1111
764 3224 796 3300 13
814 3217 962 3301 cinctuque
975 3218 1125 3274 Bantius:

57 3286 1035 3441 11111111111111111111ἰὲ
1055 3306 1126 3430 11·

57 3425 437 3566 ἓῗῢγμὲῗῶ1αῗοοῆεὒ
461 3429 497 3498 a!
518 3445 708 3499 premrssaque
730 3430 775 3484 oet
796 3430 988 3500 promissaque
1010 3433 1068 3499 (ita
1091 3432 1122 3499 a)
