2534 3960
398 230 576 287 EDITOltlS-
587 229 806 286 PRAEFATIO.
1108 248 1150 287 vu

81 377 156 444 lime
183 376 346 442 interdum
379 397 399 439 a
425 375 584 441 Politiani
617 397 716 440 manu
746 373 983 442 discernendas.
1029 395 1067 438 ex
1096 373 1147 441 bis

78 464 185 531 causis
207 464 340 548 plenam
364 463 547 530 collationis
570 463 657 530 illius
680 464 832 530 notitiam
854 463 1056 547 reciperandi
1074 483 1147 547 spes

78 553 248 620 abicienda
276 556 357 637 erat,
379 553 438 618 sed
465 553 663 620 attendenda
691 553 830 618 maxime
851 551 1009 618 Politiani
1030 574 1147 618 manus

76 645 122 727 ut,
146 642 223 728 quid
241 645 329 708 certo
347 644 461 726 posset
479 643 510 708 ei
527 641 677 726 adtribui,
701 644 874 707 constaret.
910 640 1149 724 descripserunt

76 735 185 796 autem
215 731 283 796 eins
312 733 408 796 notas
438 751 513 796 cum
543 735 641 796 autea
670 731 742 816 alii,
775 733 847 796 tum
875 731 910 796 in
938 728 983 793 M.
1011 727 1148 813 Hauptii

68 820 220 904 gratiam
237 819 277 884 rh
295 818 511 904 Kiesslingius
531 823 563 885 et
581 817 621 884 U.
635 818 826 885 Koehlerus.
856 839 994 904 quorum
1013 816 1147 884 schedas

78 909 120 973 ab
143 907 289 993 Hauptio
313 910 463 992 acceptas
486 907 527 972 Η.
549 907 704 992 Nohlius‚
728 908 784 992 qui
807 907 845 973 de
869 907 915 972 eis
938 905 1090 972 disseruit
1112 907 1148 973 in

76 997 302 1062 dissertatione
325 996 510 1080 inaugurali
539 995 759 1083 ‘quaestiones
784 993 968 1062 Statianae'
991 995 1146 1079 inscripta

77 1089 110 1149 et
132 1084 277 1150 BeroIini
299 1107 327 1149 a.
352 1085 438 1150 1871
463 1086 591 1169 emissa,
619 1085 697 1152 olim
723 1084 804 1149 mihi
833 1082 1065 1166 commodauit3
1093 1083 1146 1148 de·

76 1174 213 1257 scriptas
237 1195 265 1238 a.
290 1173 376 1238 1872
398 1171 523 1238 Romae
540 1196 675 1240 uersans
696 1175 815 1238 iterum
837 1173 890 1238 hic
918 1172 987 1237 illic
1015 1171 1147 1237 contudi.

75 1262 253 1344 optandum
274 1265 386 1326 tamen
408 1266 445 1326 ut
467 1263 581 1328 doctus
604 1263 720 1347 aliquis
739 1261 1024 1327 Studemundianis
1045 1261 1146 1326 oculis

73 1350 238 1434 praeditus
267 1347 424 1416 Politiani
456 1356 552 1417 notas
583 1351 688 1417 denuo
718 1351 888 1416 examinet
940 1349 1028 1414 ultro
1059 1350 1145 1414 enim

74 1439 156 1504 mihi
185 1439 325 1522 suspicio
356 1439 476 1505 oborta
508 1443 571 1524 est,
604 1441 665 1506 etsi
696 1460 785 1523 raro,
812 1442 924 1504 tamen
951 1437 1144 1520 aliquotiens

72 1549 161 1594 nunc
185 1527 315 1610 quidem
333 1547 392 1609 pro
415 1525 636 1612 sangallensis
654 1527 848 1593 lectionibus
867 1524 1055 1610 accipienda
1073 1546 1143 1591 esse

73 1637 154 1700 quae
179 1616 312 1680 alterius
335 1615 421 1678 illius
445 1616 508 1680 uiri
530 1616 725 1680 ductisunt.

161 1703 246 1768 Eam
283 1705 392 1768 autem
426 1702 608 1770 Politianus
642 1706 678 1769 in
717 1703 907 1768 excutiendo
940 1701 1146 1788 Sangallensi

73 1791 221 1856 adhibuit
256 1790 460 1876 diligentiam
496 1795 534 1857 ut
569 1795 719 1858 accurate
758 1814 818 1876 pro
849 1792 914 1857 illis
945 1792 1145 1876 temporibus

73 1883 222 1945 enotaret
244 1879 422 1963 scripturae
445 1879 703 1965 discrepantiam.
747 1887 779 1945 at
801 1881 991 1967 plerumque
1015 1881 1145 1964 quidem

72 1968 181 2032 uarias
203 1968 357 2033 lectiones
385 1969 439 2033 uel
465 1970 552 2035 inter
573 1971 675 2035 lineas
698 1971 751 2034 uel
773 1970 809 2034 in
827 1970 977 2055 margine
993 1969 1144 2034 editionis
1203 2029 1209 2040 .

74 2056 166 2120 nulla
193 2055 303 2121 addita
334 2056 417 2141 sigla
446 2058 630 2142 adscripsit,
662 2059 758 2142 idque
784 2058 831 2122 ibi
858 2058 1065 2141 potissimum
1088 2058 1144 2122 ubi

72 2144 144 2210 sola
166 2145 247 2210 uitia
268 2145 504 2229 typographica
526 2148 579 2212 uel
604 2147 736 2214 leuioris
759 2147 916 2211 momenti
939 2147 1143 2211 diuersitates

71 2232 218 2298 aderant
271 2254 507 2319 quamcumque
547 2238 657 2300 autem
692 2236 865 2302 lectionem
907 2235 951 2300 ob
998 2235 1141 2318 aliquam

14 2401 17 2408 ⁴
73 2343 206 2387 causam
228 2322 471 2387 memorabilem
497 2324 638 2409 putauit,
666 2325 696 2390 ei
723 2328 837 2389 notam
863 2323 987 2388 addidit
1014 2323 1082 2388 siue
1110 2343 1143 2388 cc

1 2450 3 2454 .
71 2431 134 2492 pop
166 2411 235 2475 siue
264 2421 280 2473 t
307 2410 343 2474 ti⁰
376 2432 439 2494 pop
466 2412 535 2476 siue
558 2414 658 2495 autiq⁰
684 2414 741 2478 cod
769 2413 838 2477 siue
868 2412 966 2476 aliam
996 2411 1143 2476 similem.

72 2499 182 2582 itaque
214 2501 252 2563 ut
282 2497 424 2563 dilucide
457 2504 613 2584 appareat
647 2500 724 2586 quid
757 2501 871 2583 tacite,
908 2499 985 2584 quid
1015 2498 1142 2564 disertis

73 2587 181 2651 uerbis
206 2584 443 2671 eSangallcnsi
466 2592 634 2654 enotatum
658 2586 849 2674 sithilia,
872 2588 951 2654 haec
968 2584 1020 2651 A*
1044 2587 1143 2672 signi-

73 2674 178 2740 ficaui.
231 2679 398 2758 praeterea
427 2675 608 2743 Politianus
638 2677 789 2744 editionis
818 2697 945 2762 quoque
974 2673 1142 2741 Romanae

74 2762 209 2828 a.1475
234 2762 417 2830 aDomitio
436 2762 608 2832 Oalderino
632 2769 761 2831 curatae
784 2765 870 2830 haud
893 2787 968 2830 raro
991 2765 1143 2848 asumpsit

71 2851 267 2916 uarietatem
288 2853 476 2937 praeposita
496 2859 577 2919 nota
593 2855 661 2932 D0;
686 2876 760 2920 suas
779 2854 877 2918 etiam
900 2852 1142 2918 emendationes

73 2939 238 3004 interdum
267 2941 439 3006 admiscuit
468 2941 619 3027 adposita
653 2943 736 3028 sigla
767 2953 801 3008 c.
839 2942 903 3008 ‘sed
934 2937 1141 3027 quantumuis

71 3027 247 3112 diligenter
280 3029 316 3092 in
348 3031 537 3096 uniuersum
570 3032 605 3096 in
635 3030 841 3117 sangallensi
876 3030 1070 3096 conferendo
1100 3030 1143 3094 sit

71 3120 223 3182 uersatus
246 3114 307 3202 (ita
325 3121 363 3182 ut
379 3139 438 3184 nee
457 3119 611 3184 minutias
629 3119 898 3205 orthographicas
915 3118 1014 3203 plane
1032 3139 1142 3202 asper-

70 3201 231 3291 naretur),
253 3206 392 3298 multum
413 3210 524 3273 tamen
547 3209 640 3273 abest
657 3212 695 3272 ut
717 3230 755 3273 ea
779 3229 877 3293 quam
898 3228 985 3272 nunc
1008 3207 1141 3293 requiri-

70 3315 145 3357 mus
176 3294 380 3360 accuratione
410 3295 444 3360 id
473 3296 598 3361 feccrit:
634 3296 813 3381 aequabilis
842 3295 899 3360 illa
929 3295 1142 3379 omnibusque

71 3383 201 3446 intenta
220 3404 297 3447 cura
315 3383 520 3449 desideratum.
542 3407 620 3450 nam
638 3388 677 3450 ut
692 3385 849 3451 nonnulla
868 3385 908 3450 ab
928 3405 965 3450 eo
980 3384 1142 3468 adscripta

71 3470 138 3535 iarn
167 3471 232 3556 legi
261 3476 437 3556 nequeant:
465 3473 587 3538 multae
618 3473 768 3539 editionis
794 3473 950 3557 principis
976 3473 1141 3555 lectiones,
