2444 3834
110 78 172 179 13⁸8
472 113 503 167 1.
522 111 660 167 esrum
679 110 799 167 srArn

106 259 305 323 Flectentem
323 258 417 322 iustis
441 257 577 322 attalia
600 256 686 321 dieta
708 259 894 340 parantem:

108 346 234 431 ‘Parca
256 368 378 431 precor,
402 346 516 410 cineri:
540 346 645 409 fatum
668 345 748 408 illud
771 348 804 409 et
826 345 875 409 ira
897 347 1074 410 nocentum

107 436 281 501 Parcarum
306 436 489 519 crimenque
513 434 572 517 dei,
595 433 746 498 mortalia
769 434 914 519 quisquis
1140 448 1176 498 85

106 521 243 590 Pectora
267 545 338 588 sero
361 522 451 587 uidet
471 544 532 588 nec
554 523 659 606 primo
682 523 717 586 in
738 522 852 586 limine
875 523 962 586 sistit

105 610 251 678 Gonatus
275 612 432 677 scelerum
455 615 551 696 atque
575 611 701 675 animos
719 609 854 674 infanda
877 614 1039 694 parantes.

106 700 245 766 Excidat
266 702 324 765 illa
348 700 414 764 dies
438 721 528 783 aeuo,
550 721 611 765 nec
633 703 765 783 postera
788 699 922 764 credant

108 788 255 854 Saecula!
280 811 342 854 nos
361 793 447 853 certe
469 792 634 853 taceamus
657 784 691 852 et
709 788 826 852 obruta
849 789 952 852 multa

103 876 209 943 Nocte
232 879 300 963 tegi
322 878 471 963 propriae
489 877 653 961 patiamur
676 875 811 940 crimina
834 877 949 961 gentis.
1141 894 1176 943 90

105 965 226 1052 Exegit
247 988 379 1053 poenas,
402 966 571 1032 hominum
594 966 645 1030 eui
669 986 746 1029 eura
769 986 909 1049 suorum,

105 1053 177 1130 Quo
200 1055 310 1119 Pietas
329 1058 460 1119 auctore
483 1053 568 1119 redit
589 1057 758 1137 terrasque
781 1053 903 1137 reuisit,

104 1142 208 1217 Quem
226 1144 321 1208 timet
338 1164 432 1208 omne
451 1142 552 1206 nefas.
573 1142 656 1206 'satis
674 1140 754 1205 haee
773 1141 1034 1227 lacrimandaque
1052 1144 1148 1208 nobis

105 1229 205 1297 Ultio.
251 1232 331 1315 quin
350 1252 464 1296 saeuas
487 1231 614 1294 utinam
638 1251 769 1295 exorare
791 1230 903 1295 liceret

102 1317 302 1384 Eumenidas
325 1319 520 1404 timidaeque
544 1321 689 1383 auertere
713 1316 878 1383 Cerberon
900 1321 1035 1384 umbrae
1140 1336 1174 1387 95

103 1405 395 1493 Immemoremque
417 1409 482 1472 tuis
506 1407 601 1472 citius
624 1406 701 1472 dare
723 1407 872 1472 manibus
897 1407 1046 1473 amnem?

104 1494 212 1561 Macte
235 1498 354 1580 animo,
376 1496 515 1561 iuuenis!
539 1496 586 1561 sic
609 1499 757 1560 creseunt
781 1495 918 1560 crimina
940 1497 1064 1563 matris.

105 1582 175 1649 Nec
197 1589 326 1651 tantum
349 1585 462 1668 pietas,
486 1584 542 1649 sed
559 1584 708 1669 protinus
732 1582 832 1648 ardua
854 1585 960 1649 uirtus

106 1672 267 1737 Affectata
289 1672 359 1737 tibi.
404 1695 508 1755 nuper
531 1695 604 1737 cum
627 1673 712 1737 forte
736 1671 855 1737 sodalis

105 1758 279 1824 Inmeritae
302 1760 385 1825 falso
408 1762 546 1845 palleret
568 1761 701 1825 crimine
724 1761 830 1825 famae
1125 1779 1176 1829 100

104 1847 317 1934 Erigeretque
339 1849 447 1914 forum
470 1849 693 1933 succinctaque
716 1849 821 1914 iudice
844 1849 948 1915 multo

105 1935 259 2022 Surgeret
281 1941 313 2002 et
336 1941 462 2002 castum
484 1937 629 2003 uibraret
651 1937 741 2002 Julia
763 1937 901 2002 fulmen:

102 2025 161 2109 uu,
185 2049 381 2111 quamquam
406 2048 472 2092 non
496 2029 571 2090 ante
594 2026 701 2091 forum
724 2027 877 2110 legesque
901 2048 1030 2093 seueras

103 2113 235 2199 Passus,
257 2115 314 2179 sed
336 2116 439 2181 111111
462 2115 643 2180 studiorum
667 2115 811 2180 occultus
835 2115 871 2178 in
892 2116 1016 2200 umbra,

102 2201 282 2269 Defensare
305 2207 411 2268 metus
435 2203 635 2288 aduersaque
657 2203 723 2268 tela
746 2203 864 2268 subisti
1126 2222 1174 2271 105

101 2290 234 2375 Pellere,
256 2292 389 2356 inermis
414 2292 519 2356 adhuc
539 2296 571 2356 et
588 2293 663 2375 tiro,
681 2293 831 2375 pauentis
851 2293 955 2357 amici.

102 2379 193 2445 Haut
215 2403 369 2464 umquam
392 2381 473 2445 tales
498 2381 625 2465 aspexit
645 2380 803 2445 Romulus
828 2403 930 2446 annos

103 2467 351 2553 Dardaniusque
371 2490 470 2534 senex
493 2468 591 2534 medii
613 2468 735 2533 bellare
757 2471 873 2554 togata

103 2553 219 2641 Strage
241 2557 313 2623 fori.
350 2561 501 2641 stupuere
524 2561 633 2641 patres
657 2557 840 2622 tentamina
862 2561 956 2622 tanta

103 2641 311 2730 conatusque
334 2649 418 2730 tuos,
441 2645 534 2710 dete
557 2667 630 2711 reus
654 2647 725 2730 ipse
748 2645 893 2711 timebat.
1124 2664 1173 2712 110

103 2857 316 2867 ι’...-

170 3001 204 3050 83
224 2997 387 3053 Flectenten
406 3012 424 3050 a
441 2997 523 3052 iustis
540 2997 675 3052 Heinsius
688 2999 698 3067 ss
712 3003 747 3053 84
764 2997 807 3052 ira
825 3003 861 3051 A:
879 2997 920 3053 ire
939 3005 957 3050 0
975 3001 985 3068 t
1006 3003 1040 3053 88
1060 2998 1173 3054 Excitat

100 3065 151 3120 illa
173 3067 219 3122 die
241 3085 324 3124 saeuo
347 3073 365 3120 0
384 3086 408 3136 1,
431 3085 500 3123 corr.
524 3069 667 3123 Acontius
684 3071 694 3137 ΙΙ
712 3074 745 3123 97
765 3067 805 3123 111
823 3069 897 3124 edd:
916 3070 965 3124 sed
984 3075 1001 3121 0
1021 3087 1038 3120 1
1051 3071 1061 3138 ΙΙ
1074 3075 1109 3123 99
1128 3086 1172 3125 so·

101 3135 213 3191 1111110
233 3156 250 3192 1
271 3141 281 3209 ΙΙ
303 3144 353 3195 100
371 3139 493 3208 palleret
510 3143 546 3192 A:
564 3140 703 3208 pallerent
721 3143 739 3190 0
762 3141 772 3209 ΙΙ
796 3144 846 3194 101
866 3139 969 3210 forum]
990 3142 1066 3196 toros
1085 3141 1172 3195 Heiu-

101 3207 175 3272 sius;
193 3215 264 3277 puio
287 3209 495 3279 Colligeretque
517 3209 635 3278 10111111
655 3215 705 3264 108
729 3209 924 3265 Dardaniusue
946 3211 1085 3266 Bantius
1103 3212 1172 3267 Dar·

101 3277 214 3333 daniiue
237 3295 316 3335 senes
336 3280 441 3336 Marti.
458 3279 656 3348 1111ᾶί111111.
679 3280 770 3350 togati
783 3281 867 3337 ¹Pace
886 3281 940 3337 fori
957 3283 1119 3352 1111111110
1139 3284 1172 3339 de

97 3350 214 3416 scripu:
231 3367 282 3406 nee
301 3355 319 3402 0
338 3366 424 3419 apro
444 3351 550 3406 Marti.
