2534 3948
132 240 198 307 152
495 240 526 298 P.
544 238 683 296 PAPINII
702 236 822 296 suern

130 385 268 452 Felixsi
290 383 344 450 ille
366 388 493 469 pahrem
515 384 626 450 uacuis
649 382 858 450 circumdedit
878 383 975 469 ulnis,

131 473 242 538 Uellei
265 476 298 538 eb
318 471 433 559 Elysia
457 475 606 559 quamuis
628 473 664 538 in
687 472 761 567 sede
783 473 928 537 locatum

133 562 291 647 Abripere
314 566 347 626 eh
368 560 499 627 Danaas
521 563 640 626 iterum
661 565 793 645 portare
807 583 871 645 *per
893 560 1035 644 umbras,

134 651 363 736 Temptantem
386 653 418 715 ei
440 651 534 716 uiuos
557 650 664 716 moliri
686 649 884 731 innTartara
907 669 1036 734 gressus

133 738 260 804 Detulit
281 739 428 804 infernae
450 742 543 804 uates
565 739 725 824 longaeua
746 735 887 821 Dianae3
1147 753 1201 802 270

135 825 169 892 Si
192 827 308 912 chelyn
331 826 505 912 Odrysiam
527 829 621 912 pigro
643 827 826 892 transmisit
847 826 978 891 Auerno

135 914 241 982 Causa
262 916 383 1001 minor;
407 916 435 982 si
458 915 664 982 Thessalicas
685 915 849 980 Admeion
871 915 906 978 in
928 935 1015 996 ores,

135 1001 169 1068 Si
192 1005 247 1068 lux
269 1026 335 1069 una
355 1007 442 1069 reiro
465 1003 662 1090 Phylaceida
678 1003 804 1069 rettulit
822 1003 986 1068 umbram:

135 1091 201 1158 (lur
222 1092 305 1158 nihil
327 1095 446 1177 exores,
468 1093 605 1178 genitor,
627 1091 737 1177 chelys
760 1093 818 1156 aui
838 1094 897 1157 lua
918 1111 1030 1156 manee

135 1180 204 1246 Aut
225 1180 321 1246 mea?
342 1181 394 1246 fas
417 1181 499 1246 mihi
521 1183 565 1246 sii
586 1181 710 1266 patrios
734 1181 921 1266 contingere
938 1178 1058 1262 nulius,
1149 1193 1202 1244 275

134 1268 199 1334 Fas
221 1269 362 1334 iunxisse
384 1289 512 1354 manus,
534 1271 567 1334 ei
588 1269 641 1333 lex
663 1289 882 1353 quaecumque
906 1270 1067 1354 sequatur.

136 1356 184 1422 Aa
205 1379 275 1442 uos,
298 1357 485 1422 umbrarum
503 1377 595 1443 reges
618 1356 797 1442 Enneaque
818 1357 912 1442 Iuno,

138 1443 172 1510 Si
194 1445 358 1511 laudanda
379 1467 504 1531 precor,
525 1445 637 1512 laedas
661 1446 784 1511 auferte
807 1465 980 1531 comasque

136 1533 367 1621 Eumenidum
389 1535 480 1600 nullo
505 1538 600 1600 sonet
622 1555 717 1620 asper
738 1533 860 1599 ianitor
882 1554 946 1618 ore,

137 1620 380 1709 Centaurosque
398 1620 595 1708 Hydraeque
614 1642 728 1708 greges
743 1620 955 1708 Scyllaeaque
972 1623 1122 1687 monstra
1151 1635 1205 1686 280

136 1712 281 1777 Auersae
305 1712 410 1776 celent
431 1713 543 1795 ualles,
565 1712 778 1796 umbramque
801 1711 935 1776 senilem

136 1799 260 1864 Inuibei
281 1799 371 1884 ripis,
394 1799 538 1866 discussa
560 1801 665 1884 plebe,
688 1821 856 1883 supremus

137 1886 260 1953 erbor
281 1891 314 1951 et
335 1887 370 1951 in
393 1887 500 1952 media
521 1891 697 1972 componat
717 1887 860 1953 molliter
882 1887 967 1973 alga.

137 1975 197 2060 Ite,
219 1975 266 2060 pii
288 1998 401 2042 manes
424 1975 621 2061 Graiumque
644 1977 793 2041 examina
816 1979 937 2059 nahum,

56 2147 60 2152 Ι
136 2063 363 2149 Illushremque
386 2065 529 2130 animam
547 2064 698 2130 Leihaeis
722 2065 867 2150 spargite
893 2063 988 2129 serbis
1151 2078 1205 2128 aas

137 2152 183 2217 Et
205 2155 386 2218 monstrate
408 2175 532 2238 nemus,
556 2174 619 2239 quo
641 2153 733 2218 nulla
754 2153 904 2237 irrumpit
926 2151 1056 2238 Erinys,

139 2241 179 2310 In
202 2263 265 2327 quo
288 2241 372 2307 falsa
394 2242 462 2308 dies
486 2242 639 2327 caeloque
661 2241 846 2313 simillimus
870 2262 932 2306 aer.

138 2329 217 2395 Inde
239 2333 350 2396 tamen
372 2331 485 2396 uenias
507 2331 631 2414 melior,
653 2339 717 2415 qua
738 2333 835 2414 porta
856 2329 1036 2415 malignum

139 2416 265 2486 Cornea
286 2419 390 2484 uincii
412 2420 501 2502 ebur,
523 2419 692 2504 somnique
714 2419 750 2484 in
772 2418 917 2504 imagine
937 2421 1095 2502 monstra,

139 2505 229 2583 Quae
252 2507 378 2573 solitus.
423 2508 469 2575 sio
492 2529 585 2573 saera
605 2506 733 2573 Numae
755 2506 901 2591 ritusque
924 2505 1078 2571 colendos
1155 2520 1208 2570 aso

137 2593 231 2660 Mitis
253 2595 386 2661 Aricino
410 2595 555 2662 dictabat
576 2593 731 2679 Nympha
754 2594 814 2660 sub
837 2598 942 2674 antro,

139 2829 352 2836 ...μ-...-

211 2988 264 3038 266
290 2981 315 3038 si
336 2983 449 3039 midi:
471 2998 521 3038 om.
546 2987 563 3034 0
588 2999 605 3035 a
627 2981 723 3050 Phryx
743 2980 824 3035 ualui
844 2979 895 3036 ille
916 2979 1071 3044 Baniurae,-
1094 2977 1160 3046 fort.
1181 2976 1211 3032 Si

137 3053 234 3124 Phryx
255 3053 305 3112 ille
318 3055 328 3124 ll
341 3058 393 3110 269
416 3052 511 3109 moliri
532 3052 645 3123 scripsi:
668 3050 798 3107 molitum
821 3056 839 3102 c
857 3069 875 3104 a
887 3052 898 3122 l
911 3055 962 3105 271
985 3048 1032 3105 Sic
1049 3051 1073 3102 A
1092 3053 1120 3116 0,
1138 3063 1209 3129 corr.

138 3125 219 3182 Dora.
233 3126 243 3196 ΙΙ
257 3129 318 3194 272,
338 3130 370 3180 ‘la
387 3125 426 3180 sio
441 3155 475 3166 -
491 3123 537 3180 Sic
550 3129 574 3176 A
587 3128 619 3192 0,
638 3139 707 3178 corr.
725 3122 810 3178 Dona
823 3124 828 3188 l
845 3119 1014 3177 Thessalicis
1027 3119 1167 3176 Admetus
1180 3135 1210 3172 in

140 3196 195 3250 oris
215 3195 293 3251 Silua
310 3212 367 3252 una
384 3197 459 3252 reiro
478 3199 496 3248 0
514 3213 539 3265 a,
557 3209 626 3250 corr.
646 3191 781 3248 naneae
793 3194 804 3264 l
817 3197 868 3248 276
888 3191 927 3247 rii
944 3197 976 3247 ςε
1000 3190 1040 3246 sic
1057 3194 1082 3244 A
1100 3190 1210 3260 21227

140 3265 291 3336 Enneaque
314 3266 487 3323 Granouas:
511 3267 666 3334 aetneaque
691 3269 714 3316 A
733 3267 750 3315 ο
772 3265 942 3332 aeternaque
961 3263 1070 3332 ς2280
1088 3259 1210 3316 Centau·

139 3353 241 3405 rosque
263 3342 298 3391 A:
323 3335 533 3406 Oeniaurusque
556 3337 671 3405 clm
691 3349 836 3404 supremus
854 3339 873 3386 0
891 3351 921 3388 as
945 3332 1081 3403 supremis
1100 3333 1211 3402 §lise

140 3411 260 3476 expectes
277 3407 401 3477 deponat
416 3410 427 3478 ΙΙ
445 3413 497 3463 aas
521 3405 653 3476 irrumpit
671 3411 703 3461 ςε
720 3405 823 3474 irrupit
840 3410 859 3457 ⁰
877 3423 895 3458 a
916 3405 926 3474 ΙΙ
948 3409 1001 3461 288
1019 3404 1104 3474 porta
1113 3402 1213 3458 Dora:

139 3479 220 3546 parba
239 3481 257 3527 0
275 3479 380 3545 alm
398 3478 429 3532 in
446 3496 475 3532 ae
494 3492 545 3534 om.
564 3477 757 3546 clmenshab
774 3480 832 3544 (la,
850 3490 919 3532 corr.
939 3479 958 3530 ς
