2534 3960
136 209 179 274 26
505 209 535 264 Ρ.
554 207 693 262 PAPINII
712 207 832 262 STATII

140 354 245 431 Quare
269 374 344 440 ege,
367 353 395 417 si
417 350 529 418 Cereri
551 375 610 418 sua
632 352 718 418 dona
735 373 922 436 merumque
945 351 1055 436 Lyaeo

139 442 328 521 Reddimus,
351 446 385 506 et
407 441 496 508 diues
520 441 659 525 praedae
681 443 791 506 tamen
813 440 931 524 accipit
954 439 1044 506 omni

136 529 281 596 Exuuiae
303 530 411 596 Diana
433 530 525 597 tholo
549 530 742 614 captiuaque
764 529 831 596 tela

138 618 350 704 Bellipotens:
372 641 433 685 neo
456 621 493 683 tu
516 615 725 704 (quamquam
747 618 823 700 tibi,
845 615 980 702 Gallica,
1002 617 1109 688 maius

137 706 329 793 Eloquium,
351 707 507 809 fandique
531 707 647 791 opibus
671 705 819 771 sublimis
847 703 1008 792 abundes)
1186 721 1222 771 35

139 795 261 882 Sperne
284 797 346 862 coli
368 797 514 861 tenuiore
536 796 617 878 lyra.
663 815 749 880 uage
771 793 911 879 cingitur
934 794 1031 861 astris

137 883 243 969 Luna,
266 890 299 950 et
320 885 357 949 in
379 905 535 950 oceanum
557 883 621 948 riui
643 883 785 950 cecidere
807 883 958 948 minores.

143 972 232 1048 Quae
253 972 315 1038 tibi
338 973 496 1038 sollicitus
518 971 677 1058 percoluit
698 972 846 1055 praemia
868 993 995 1036 morum

138 1060 237 1126 Urbis
262 1061 375 1126 emor?
412 1083 495 1146 quae
517 1064 589 1126 tum
611 1063 805 1144 patrumque
829 1060 1035 1144 equitumque
1059 1061 1183 1126 notaui

139 1148 279 1214 Lumine
302 1153 334 1213 et
357 1150 492 1234 ignarae
513 1149 619 1232 plebis
642 1155 753 1233 lugere
775 1151 946 1232 potentes?
1152 1168 1158 1176 ·
1183 1165 1218 1214 40

140 1237 216 1304 Non
238 1239 369 1302 labente
391 1237 501 1304 Numa
522 1237 633 1323 timuit
656 1237 702 1302 sio
725 1237 814 1302 curia
836 1237 927 1319 felix,

140 1325 297 1410 Pompeio
319 1347 378 1392 neo
402 1326 506 1394 celeus
530 1347 626 1410 eques
648 1347 708 1390 nec
730 1325 853 1393 femina
874 1323 985 1392 Bruto.

140 1413 213 1480 Hoc
236 1415 330 1480 illud:
353 1414 459 1479 tristis
481 1415 620 1480 inuitum
644 1413 755 1480 audire
778 1417 923 1498 catenae,

141 1502 277 1568 Parcere
299 1503 484 1570 uerberibus
506 1523 566 1568 neo
589 1524 653 1586 qua
675 1502 765 1568 iubet
789 1503 856 1568 alte
878 1505 1024 1588 potestas

139 1589 205 1676 Ire,
229 1592 285 1656 sed
309 1595 450 1657 armatas
474 1593 613 1658 multum
637 1591 701 1658 eibi
723 1591 850 1656 demere
873 1591 959 1658 uires
1182 1607 1216 1658 45

97 1675 102 1698 ¹
141 1680 341 1765 Dignarique
364 1701 480 1746 manus
503 1680 635 1746 humilis
659 1683 692 1743 et
714 1679 816 1744 uerba
839 1684 1041 1763 precantum,

139 1768 285 1834 Reddere
308 1769 380 1834 iura
401 1768 473 1832 foro
495 1789 556 1833 nec
577 1767 769 1850 proturbare
792 1768 919 1834 cunrlee

142 1855 188 1920 Et
210 1857 332 1922 ferrum
353 1856 494 1920 mulcere
517 1858 604 1941 toga.
649 1855 696 1920 sic
719 1855 786 1923 itur
807 1855 843 1919 in
866 1857 946 1920 alta-

141 1943 291 2028 Peotora,
314 1944 361 2009 sic
382 1944 484 2010 mixto
508 1944 690 2010 reuerentia
713 1943 790 2008 sidit
813 1965 931 2009 amore.

141 2031 219 2116 Ipsa
241 2032 340 2100 etiam
363 2035 494 2100 cunctos
519 2033 627 2118 grauis
650 2032 859 2098 inclementia
881 2033 942 2098 fati
1178 2049 1213 2099 50

142 2119 273 2186 Terruit
296 2125 329 2186 et
352 2121 453 2188 subiti
476 2143 628 2205 praeceps
652 2121 792 2187 iuuenile
815 2120 941 2205 pericli,

141 2209 199 2276 Nil
222 2213 395 2276 cunctante
417 2211 512 2274 malo.
558 2232 627 2276 non
649 2210 729 2274 illud
752 2210 848 2292 culpa
871 2213 1018 2279 senectae

143 2296 284 2451 &Quippe
308 2319 345 2362 ea
368 2299 418 2362 bis
445 2299 531 2362 senis
556 2299 687 2364 uixdum
711 2319 786 2364 orsa
809 2299 958 2363 excedere
981 2297 1117 2384 lustris),

168 2386 206 2450 ed
229 2387 322 2451 labor
344 2387 520 2454 intendens
543 2387 707 2470 animique
729 2387 764 2450 in
787 2387 933 2451 membre
957 2386 1097 2472 uigentie

142 2473 318 2558 Imperium
341 2477 520 2562 uigilesque
543 2497 602 2541 suo
625 2497 684 2560 pro
710 2471 849 2540 Caesare
872 2497 981 2558 curae,
1180 2491 1214 2540 55

143 2564 360 2648 Duleeopus.
404 2565 481 2630 hinc
503 2565 611 2628 fessos
633 2563 762 2646 penitus
787 2564 949 2647 subrepsit
972 2569 1006 2628 in
1029 2567 1120 2631 artus

143 2649 304 2717 Insidiosa
328 2652 417 2737 quies
440 2655 474 2716 et
495 2653 591 2737 pigra
614 2650 734 2716 obliuio
758 2651 854 2718 uitae.

143 2739 234 2804 Tunc
256 2741 347 2825 deus,
370 2741 484 2824 Alpini
507 2740 562 2824 qui
584 2739 674 2804 iuxta
696 2739 838 2804 culmina
861 2739 948 2805 dorsi

145 2827 262 2914 Signat
283 2828 457 2912 Apollineo
482 2831 612 2893 sanctos
636 2828 827 2912 cognomine
850 2828 955 2911 lucos,
1009 2829 1012 2836 ’

143 2916 290 3002 Respicit
311 2918 375 2981 heu
398 2916 484 2980 tanti
506 2916 650 2980 residens
675 2937 805 2981 securus
829 2917 960 2982 alumni.
1182 2936 1215 2985 eo

217 3185 252 3232 34
276 3194 447 3248 quamquam
469 3179 626 3236 Bentlciue:
649 3179 762 3248 quando
786 3185 804 3231 0
822 3197 840 3232 a
861 3181 871 3248 l
893 3185 926 3235 41
946 3180 1055 3242 maduit
1077 3180 1119 3236 sic
1141 3182 1217 3236 curia

149 3249 217 3304 fletu
234 3249 370 3307 Hessos
381 3251 392 3319 ΙΙ
405 3257 439 3306 49
459 3250 528 3306 sidit
546 3266 640 3308 amore
658 3251 815 3306 Bentlce'ue:
833 3249 895 3306 fldit
913 3251 1003 3307 amori
1028 3255 1053 3304 Δ
1075 3257 1093 3304 c
1118 3267 1148 3306 sc
1168 3253 1217 3308 dat

147 3335 241 3374 amore
270 3320 376 3380 Marll.
398 3323 408 3391 ΙΙ
431 3327 465 3378 50
492 3321 560 3378 Inde
588 3322 675 3378 etiam
698 3321 868 3376 Scluaderas
894 3322 904 3390 l
932 3327 965 3378 5⁶1
985 3322 1083 3392 pigrae
1103 3327 1121 3376 ς
1144 3325 1154 3392 ΙΙ
1181 3329 1214 3380 59

145 3391 308 3460 Apollineos
322 3395 419 3450 senotc
434 3398 451 3444 0
464 3411 490 3460 a,
504 3409 573 3448 corr.
589 3393 694 3450 Morkl.
709 3394 719 3461 ΙΙ
733 3398 767 3448 60
781 3391 904 3448 residem
918 3394 1020 3462 seraper·
1038 3395 1055 3454 l.
1070 3393 1089 3448 l.
1098 3408 1129 3462 p.
1143 3399 1217 3450 253:

146 3461 287 3531 precidem
314 3469 367 3517 ca
393 3463 502 3534 pridem
521 3468 539 3518 ς
1000 3483 1004 3490 ·
