2534 3948
149 215 192 280 88
522 215 553 270 P.
571 216 711 272 PAPlNII
729 215 850 272 ΒΤΔΤΠ

149 360 247 448 Apta,
270 360 356 447 quod
377 361 413 426 in
436 360 554 446 digitis,
578 361 661 426 collo
685 359 771 446 quod
794 360 925 447 dignius
948 384 1072 428 eurum.

150 449 255 518 Norat
278 450 428 517 caelestis
452 450 562 515 oculos
587 448 675 514 ducis
698 450 834 535 ipsaque
855 450 968 516 taedas

149 540 303 606 Iunxerat
325 542 358 604 et
379 538 478 623 plena
500 537 632 602 dederat
653 538 793 604 conubia
815 537 938 604 dextra

151 627 205 696 Sic
228 630 324 694 ornat
347 627 461 712 crines,
483 625 600 712 Tyrios
624 626 670 691 sio
693 625 800 691 fundit
822 627 968 712 amiotus,

149 716 217 783 Dat
237 716 347 782 radios
370 716 542 801 ignemque
567 736 669 782 suum.
715 735 839 780 cessere
861 717 985 799 priores

150 805 294 872 Deliciae
317 803 538 889 famulumque
562 823 690 889 greges3
711 803 766 868 hic
788 803 906 888 pocula
928 824 1048 889 magno

149 893 260 960 Prima
282 893 356 958 duci
378 913 569 978 murrasque
592 912 708 977 greces
734 892 952 977 crystallaque
974 895 1087 976 portat

150 981 342 1048 Candidiore
365 1003 477 1046 manu:
500 981 617 1046 crescit
638 1001 725 1044 noua
743 981 850 1065 gratia
863 979 1017 1046 Baccho·

150 1070 231 1138 (lare
253 1091 344 1156 puer,
366 1069 491 1155 superis
515 1069 571 1154 qui
593 1068 773 1152 praelibare
793 1067 969 1134 uerendum

150 1157 272 1225 Nectar
295 1161 328 1224 et
350 1159 517 1242 ingentem
538 1157 660 1222 totiens
682 1156 871 1243 contingere
895 1157 1040 1222 demam

149 1247 294 1332 Electus,
317 1267 414 1331 quam
436 1266 533 1310 nosse
556 1243 668 1329 Getae,
692 1267 789 1331 quam
812 1248 947 1330 tangere
969 1245 1091 1310 Persae

150 1334 359 1420 Armeniique
381 1333 518 1418 Indique
541 1335 671 1419 petunt!
695 1356 715 1399 o
739 1332 841 1399 sidere
864 1334 976 1400 dextro

149 1424 254 1509 Edite,
277 1423 382 1489 multa
404 1422 464 1487 tibi
487 1421 599 1488 diuum
621 1421 825 1508 indulgentia
846 1423 944 1488 fauit!

151 1513 238 1580 Olim
261 1513 369 1596 etiam,
391 1533 433 1577 ne
455 1511 562 1595 prima
584 1531 684 1596 genes
707 1512 829 1596 lanugo
851 1512 992 1577 nitentes

151 1600 305 1686 (torperet
327 1604 361 1666 et
382 1600 537 1684 pulchrae
560 1599 701 1668 fuscaret
723 1599 831 1684 gratia
853 1599 986 1683 formae,

149 1689 223 1774 Ipse
247 1690 324 1754 deus
347 1689 472 1773 patriae
496 1689 616 1754 celsam
634 1692 723 1754 trans
747 1709 888 1772 aequora
907 1687 1003 1774 liquit

150 1778 343 1863 Pergamon.
387 1776 469 1841 haut
490 1776 551 1840 ulli
572 1797 708 1860 puerum
731 1776 857 1842 mollire
879 1775 1025 1860 potestas

151 1863 293 1951 Credita,
316 1863 373 1930 sed
394 1864 496 1929 tacita
518 1864 644 1953 iuuenis
666 1864 848 1930 Phoebeius
871 1869 940 1930 arte

150 1953 279 2018 Leniter
302 1953 383 2018 haut
405 1953 471 2017 ullo
496 1973 688 2018 concussum
711 1953 844 2018 uulnere
867 1974 983 2037 eorpus

136 2041 200 2110 De
223 2063 300 2107 sexu
322 2041 461 2106 tranum
483 2041 582 2108 iubet.
626 2044 738 2106 tamen
761 2041 858 2106 anxia
880 2041 965 2106 curis

148 2129 315 2196 Mordetur
336 2129 491 2215 puerique
514 2130 609 2195 timet
632 2127 795 2214 Cytherea
818 2129 955 2194 dolores.

149 2218 303 2284 Nondum
325 2218 461 2302 pulchra
484 2218 573 2284 ducis
597 2218 769 2282 elementia
791 2222 942 2302 coeperat
964 2221 1039 2283 ortu

149 2307 296 2372 intactos
320 2327 450 2372 seruare
472 2328 593 2389 mares3
615 2327 702 2371 nunc
724 2306 876 2391 frangere
899 2327 1011 2371 sexum

148 2395 258 2481 Atque
280 2395 448 2460 hominem
470 2398 595 2460 mutare
617 2394 724 2479 neias3
747 2395 923 2480 gauisaque
945 2399 1033 2460 totos

150 2482 238 2559 Quos
261 2483 373 2568 genuit
395 2486 513 2548 natura
533 2482 631 2566 uidet,
653 2503 713 2548 nee
735 2483 807 2568 lege
830 2483 964 2548 sinistra

149 2569 245 2637 Ferre
268 2572 386 2637 timent
408 2571 549 2636 famulae
572 2575 726 2636 natorum
748 2572 892 2655 pondera
913 2575 1042 2636 matres.

150 2659 200 2724 Tu
224 2681 359 2745 quoque,
380 2681 468 2724 nunc
489 2660 625 2743 iuuenis,
649 2660 777 2744 genitus
802 2660 829 2724 si
851 2659 975 2725 tardius
999 2681 1099 2745 esses,

149 2747 391 2832 Umbratusque
414 2769 515 2833 genas
539 2751 572 2812 et
594 2747 721 2813 adultos
744 2747 859 2813 fortior
883 2753 981 2832 artus,

148 2834 225 2903 Non
247 2857 347 2902 unum
371 2835 516 2921 gaudens
539 2836 691 2902 Phoebea
715 2837 755 2902 ad
777 2836 891 2900 limina
913 2859 1030 2902 munus
1186 2853 1217 2902 80

150 3069 363 3078 ————-—-··—---

221 3262 255 3312 58
274 3273 437 3326 murrasque
457 3262 487 3310 c:
506 3273 669 3326 myrrasque
688 3275 705 3310 a
725 3260 737 3323 1,
750 3272 850 3326 manes
869 3264 886 3310 0
905 3276 934 3312 a:
952 3274 1022 3328 puer
1040 3261 1059 3312 ς
1078 3259 1089 3328 ΙΙ
1110 3264 1146 3314 59
1164 3277 1216 3314 mu

149 3329 198 3382 lim
217 3325 385 3382 Candidiora
402 3329 412 3398 l
431 3333 464 3382 06
485 3327 636 3398 spargeret
654 3326 761 3382 Morld.
779 3330 789 3396 ΙΙ
807 3335 841 3384 68
859 3329 913 3382 ulli
930 3334 967 3382 A:
985 3328 1030 3384 illi
1048 3332 1143 3399 ⁰l⁷⁰
1161 3347 1215 3385 cor-

149 3415 201 3468 pus
220 3397 262 3450 Δ*
281 3403 311 3450 οε
329 3400 443 3468 torpens
463 3402 481 3452 ς
499 3399 509 3466 ΙΙ
529 3404 563 3452 74
586 3415 683 3452 sexum
700 3402 724 3449 A
742 3403 772 3452 c:
792 3415 859 3454 saxo
878 3404 896 3454 ς
914 3402 923 3470 ΙΙ
943 3405 975 3454 70
994 3401 1071 3455 totos
1090 3403 1150 3468 (uel
1167 3401 1216 3456 sal·

203 3471 212 3496 l
231 3469 331 3538 scripsi
349 3469 366 3523 l.
386 3469 404 3523 l.
419 3484 450 3536 1).
469 3473 541 3524 256:
561 3468 634 3522 solos
653 3474 671 3520 0
690 3487 707 3520 a
