2534 3948
146 224 190 288 92
519 222 551 276 Ρ.
569 220 708 277 PAPINII
727 218 850 276 annun

146 367 281 436 Dedere.
327 369 372 434 sio
395 371 481 434 certe
504 367 628 432 cinerea
651 366 863 450 umbramque
886 366 1032 449 priorem

148 457 283 533 Quaeris
306 457 419 540 adhue,
442 457 490 522 sic
513 455 663 541 exequiae
687 455 836 538 amplexa
860 456 972 521 canori

148 545 304 632 Coniugis
326 545 476 630 ingentes
499 544 626 609 iterasti
648 546 778 627 pectore
800 543 962 627 plauctus,

146 635 218 700 Iam
240 655 320 700 mea
364 653 424 698 nec
447 633 551 717 pietas
575 632 640 697 alia
662 634 712 696 est
734 631 795 696 tibi
817 652 957 716 curaque
980 636 1095 716 natae,

148 721 200 788 sia
223 726 257 788 et
278 726 383 788 mater
406 743 506 806 amas,
529 721 575 786 sic
596 741 773 805 numquam
796 720 894 785 corde
916 720 1041 785 recedit
1198 737 1250 804 osy

147 810 236 877 Nata
258 813 324 896 tuo,
346 810 506 894 fixamque
530 808 630 874 animi
652 808 872 892 penetralibus
895 809 970 873 imis

147 898 253 966 Nocte
276 900 388 984 dieque
411 901 512 964 tenes.
556 919 623 963 non
646 897 692 962 sic
710 896 886 962 Trachinia
907 896 1026 962 nidos·

148 987 304 1072 Alcyone,
325 1009 445 1052 uernos
468 1008 536 1052 non
560 986 605 1051 sio
627 984 809 1051 Philomela
831 988 965 1070 penates

149 1074 273 1141 Circuit
296 1076 494 1159 amplectens
517 1075 722 1159 animamque
745 1074 780 1137 in
803 1075 942 1159 pignora
963 1074 1143 1140 transfert
1250 1052 1251 1142 l

148 1163 194 1228 Et
216 1185 302 1229 nunc
325 1164 382 1228 illa
403 1166 495 1251 tepet
516 1163 614 1228 uiduo
638 1162 724 1247 quod
747 1163 818 1228 sola
841 1163 953 1228 cubili:
1196 1179 1224 1227 σο

149 1251 225 1317 Otia
246 1255 315 1316 tam
338 1251 492 1335 pulchrae
514 1251 593 1315 terit
618 1250 794 1316 infecunde
816 1251 977 1336 iuuentae,

150 1338 213 1405 Sed
234 1341 376 1424 uenient,
399 1339 505 1423 plenis
528 1340 661 1404 uenient
683 1339 824 1405 conubia
846 1338 959 1404 taedis.
1251 1358 1252 1452 q

150 1427 202 1494 Sic
225 1431 311 1494 certe
334 1428 522 1513 formaeque
545 1427 638 1493 bonis
662 1428 826 1512 animique
848 1432 1005 1513 meretur3

150 1516 224 1582 Siue
248 1516 366 1601 chelyn
389 1515 558 1600 complexa
579 1515 655 1580 ferit
678 1537 735 1580 seu
758 1537 838 1582 uoce
860 1519 998 1600 paterna

148 1603 346 1672 Discendum
368 1604 471 1670 Musis
496 1608 593 1670 sonat
615 1607 649 1668 et
671 1626 744 1669 mea
767 1604 911 1669 carmina
932 1605 1052 1690 flectit,
1195 1623 1224 1670 65

150 1691 296 1759 Candida
319 1715 375 1758 seu
398 1693 489 1758 molli
511 1692 633 1757 diducit
655 1693 789 1758 brachia
810 1697 915 1758 motu:
1038 1755 1040 1762 ,
1252 1662 1253 1740 l

148 1781 321 1867 Ingenium
343 1781 487 1865 probitas
511 1785 678 1865 artemque
704 1781 865 1846 modestia
887 1782 998 1847 uincit.

149 1868 268 1934 Nonne
290 1869 379 1933 leues
402 1890 528 1953 pueros,
549 1890 617 1934 non
639 1872 681 1954 te,
705 1867 875 1953 Cytherea,
892 1869 1029 1954 pudebit

150 1956 221 2022 Hoo
244 1978 371 2022 cessare
395 1957 513 2024 decus?
534 1979 595 2022 neo
617 1960 746 2022 tantum
768 1957 873 2023 Roma
896 1957 1022 2042 iugales
1253 1968 1254 2044 l

150 2044 331 2112 Conciliare
353 2050 443 2111 toros
466 2046 629 2130 festasque
653 2046 826 2111 accendere
848 2046 961 2112 taedas
1195 2064 1225 2112 ro
1253 2067 1254 2070 ’

150 2132 297 2199 Fertilis:
321 2137 353 2198 et
375 2138 489 2199 nostra
512 2135 622 2220 generi
644 2135 761 2200 tellure
784 2134 955 2200 dabuntur.

150 2221 227 2287 Non
249 2223 328 2288 adeo
352 2221 514 2288 Uesuiuus
538 2244 619 2306 apex
642 2228 676 2288 et
697 2224 847 2288 flammea
869 2222 932 2287 diri

150 2311 272 2376 Montis
295 2311 399 2375 hiems
421 2311 565 2394 trepidas
589 2311 738 2377 exhausit
760 2311 885 2376 ciuibus
909 2310 1022 2376 urbes:

151 2398 247 2464 Stant
268 2399 460 2484 populisque
483 2399 605 2483 uigent
649 2399 727 2465 hinc
750 2400 879 2484 auspice
902 2399 1033 2465 condita
1056 2399 1197 2470 Phoebo

151 2487 250 2554 Tecta
272 2487 444 2553 Dicarchei
466 2491 645 2572 portusque
669 2492 701 2553 et
726 2488 824 2553 litora
839 2488 967 2566 mundo
1143 2551 1150 2564 ,
1195 2509 1226 2557 75

150 2574 304 2660 Hospita:
328 2580 363 2640 at
384 2575 460 2642 hino
483 2596 622 2661 magnae
645 2579 769 2641 tractus
792 2577 956 2641 imitantia
978 2576 1106 2645 Romae

152 2664 240 2740 Quae
263 2663 371 2748 Capys
395 2663 537 2729 aduectis
559 2664 700 2749 inpleuit
723 2665 852 2730 moenia
875 2664 1018 2730 Teucris.

150 2751 274 2817 Nostra
297 2749 424 2837 quoque
447 2756 480 2816 et
501 2753 644 2837 propriis
668 2753 775 2818 tenuis
799 2773 858 2818 nec
881 2775 957 2818 rara
979 2755 1105 2820 colonis

149 2967 363 2978 -..-—---

222 3128 254 3178 67
273 3120 414 3178 trachinia
439 3125 470 3176 5:
493 3119 613 3177 intracia
635 3120 674 3175 Δ*
692 3127 710 3173 0
736 3123 746 3191 ΙΙ
774 3125 808 3178 60
826 3123 906 3192 tepet
922 3124 1034 3193 serpsi:
1059 3125 1143 3182 tenet
1162 3133 1182 3180 0
1200 3147 1223 3196 ι,

150 3208 203 3262 qao
224 3199 334 3248 seruato
355 3192 472 3247 uiduam
495 3191 586 3246 cubile
610 3192 774 3258 Geaartics,
796 3194 955 3264 00190101
975 3196 1034 3248 tam
1054 3194 1223 3252 Geuurtire:

149 3263 206 3318 iam
226 3269 243 3314 0
261 3281 278 3316 a
295 3265 305 3332 u
324 3269 357 3318 63
377 3263 543 3331 animaeque
562 3267 580 3313 0
598 3278 624 3333 a,
642 3279 712 3318 corr.
733 3269 751 3318 ς
769 3265 779 3332 ΙΙ
797 3269 832 3319 64
849 3264 916 3319 ferit
935 3264 1055 3320 Martis
1073 3269 1149 3336 petit
1169 3275 1189 3320 0
1207 3288 1223 3321 ι

148 3333 210 3406 1472
230 3332 380 3388 uesuuinus
399 3337 434 3399 Δ;
457 3334 490 3387 dc
512 3338 610 3388 cnon
633 3335 716 3403 liquet
738 3337 748 3404 ss
770 3339 805 3388 ‘14
823 3334 889 3390 hinc
907 3335 1055 3390 Heinsius:
1074 3337 1122 3393 bic
1141 3345 1160 3390 0
1180 3358 1198 3392 ι
1214 3341 1224 3410 u

17 3443 18 3446 η
151 3411 184 3461 tt
207 3402 312 3460 mundo
334 3405 391 3471 (uel
419 3403 491 3474 Baii)
516 3403 636 3460 Marci.-
666 3405 763 3459 mundi
787 3410 840 3459 ca
862 3406 943 3476 ponti
967 3407 1012 3461 uel
1034 3408 1123 3464 musis
1146 3410 1222 3465 Bar-

149 3491 268 3533 ‘'Mlmud
