2534 3960
123 241 152 277 vr
454 217 624 274 EDITORIS
643 216 861 273 PRAEFATIO.

123 386 196 430 rum
221 365 303 447 quod
324 383 361 428 eo
383 360 533 447 Galliu*)
556 362 691 446 Popyius
714 359 840 426 Gallico
865 362 1015 444 comptem
1036 381 1134 426 nunu
1156 361 1191 426 iu

125 454 258 519 Italiam
286 452 441 517 otubrut.
487 451 520 516 A
546 471 605 534 quo
631 451 772 532 uidelicet
795 470 858 514 cneo
886 451 953 514 ticet
977 451 1120 515 mendoso
1142 451 1192 515 de-

118 547 313 625 paucaque
339 545 368 605 et
392 538 444 623 (ut
464 540 616 624 arbitror)
643 541 736 605 etium
758 539 920 605 donidiuto
951 539 1064 620 reliqui
1090 558 1193 604 omues
1263 549 1264 594 ἓ

83 675 92 696 .
123 632 237 696 codices
259 631 314 712 qut
335 634 410 694 suot
430 630 466 694 iu
488 629 632 694 uocum
649 633 827 694 mouerunt.
866 626 968 708 Qoure
990 628 1091 692 contio
1113 627 1193 693 miti
1260 680 1264 709 ,

122 719 187 800 fuit
208 739 247 784 oe
268 718 345 800 quid
364 719 400 783 tu
422 718 596 801 combaudo
618 717 673 782 boc
694 721 798 782 nostro
821 715 860 780 ot
882 716 936 782 illo
949 721 1110 781 mutarem.
1143 717 1193 782 Ne

122 808 224 872 nimiu
254 812 291 872 ut
316 806 432 872 adsolet
458 807 620 890 ditipcotru
646 804 806 871 out-miti
833 810 891 870 out
915 806 1020 871 ceteris
1046 805 1193 872 amotionis

123 900 251 961 noceret.
299 895 395 976 Qum
417 896 446 960 st
468 895 593 961 mium
615 899 750 960 teuerm
770 895 860 959 ceteri
883 894 1031 960 librorum
1054 897 1192 962 auna-

125 989 203 1050 ures
226 986 450 1066 nrmbseotqoe
471 984 607 1067 potores,
638 983 744 1049 ruimus
765 983 863 1048 mutto
887 983 1001 1049 uocas
1023 985 1059 1049 ta
1080 983 1138 1049 huc
1159 1005 1193 1050 re

124 1093 219 1155 quom
245 1093 329 1138 aune
354 1073 500 1138 tammus
526 1073 711 1138 maanus.
763 1070 840 1138 Uolo
866 1073 922 1153 qui
949 1073 1030 1157 lepis,
1058 1078 1087 1137 et
1112 1075 1194 1155 quoti

122 1161 225 1226 sedulo
245 1161 375 1242 fecimus
397 1181 489 1250 queso
507 1161 580 1228 boot
592 1161 721 1229 consuta
754 1160 842 1228 nuos
854 1161 993 1244 Ampelos
1005 1160 1191 1228 Petiturus.

212 1247 291 1314 Post
313 1247 512 1315 Politianum
535 1271 608 1314 cum
631 1269 727 1313 nemo
752 1247 996 1334 sangallensem
1020 1251 1121 1316 oeulis
1144 1251 1192 1315 ui·
1264 1275 1265 1320 1

124 1337 222 1420 derit,
249 1337 345 1400 huius
372 1339 529 1403 memoria
555 1341 645 1402 certa
671 1337 738 1402 fere
768 1338 873 1402 omnis
897 1338 937 1402 ab
961 1337 1048 1403 illius
1075 1338 1193 1423 pendet

123 1424 316 1490 conlatione.
361 1446 437 1489 nam
474 1426 510 1490 in
543 1423 766 1510 Sangallensis
798 1427 988 1511 apographo
1024 1447 1106 1492 saec.
1128 1427 1191 1492 XV

123 1513 211 1580 fanto
233 1512 371 1580 nonita
391 1534 510 1600 magna
532 1518 583 1580 est
605 1515 694 1599 fides,
716 1518 754 1580 ut
775 1515 862 1579 infra
887 1515 1191 1583 demonstrabimus.

125 1602 181 1667 sed
203 1600 358 1668 Politiaoi
384 1624 510 1688 quoque
538 1603 709 1669 collatione
732 1607 769 1669 ut
791 1603 969 1669 frueremur
990 1604 1100 1689 plena,
1127 1627 1193 1670 non

125 1691 301 1774 permisere
331 1691 442 1756 inuida
470 1691 550 1756 fata.
585 1692 774 1776 priusquam
805 1695 913 1758 autem
944 1694 1123 1759 accuratius
1153 1694 1193 1760 de

126 1799 164 1843 ea
187 1779 354 1864 disseram,
377 1778 416 1843 de
439 1778 579 1845 editione
601 1781 746 1864 principe
771 1776 829 1866 (o),
851 1781 942 1846 euius
965 1782 1141 1864 exemplari
1159 1784 1194 1848 in

125 1867 349 1932 uniuersitatis
371 1867 516 1932 lenensis
543 1868 742 1934 bibliotheca
764 1869 889 1933 extanti
911 1872 993 1954 utor,
1020 1891 1125 1953 pauca
1148 1871 1194 1936 di·
1262 1919 1266 1948 ,

124 1955 233 2021 cende.
278 1956 371 2021 fluxit
398 1956 458 2022 illa
486 1977 525 2020 ex
552 1956 660 2022 codice
686 1957 763 2022 libri
785 1955 1004 2042 Rehdigerani
1028 1958 1193 2025 simillimo

124 2043 262 2130 quidem,
279 2044 341 2109 sed
363 2044 476 2110 eodem
498 2046 604 2132 magis
627 2046 693 2110 iam
716 2046 894 2130 deprauato
917 2047 1192 2133 interpolatoque3

122 2136 290 2217 praeterea
314 2154 331 2196 e
353 2131 546 2218 typothetae
569 2135 665 2219 culpa
686 2134 810 2199 mendis
833 2138 884 2200 est
901 2135 1072 2220 inquinato
1093 2137 1194 2220 pluri·

123 2221 200 2304 mis3
224 2220 388 2286 nonnullis
411 2221 491 2287 loeis
514 2223 613 2288 etiam
631 2223 765 2290 editoris
784 2223 987 2290 coniecturae
1004 2225 1194 2309 plerumque

122 2313 229 2376 rectae
243 2309 534 2394 deprehenduntur.
565 2312 631 2378 iam
649 2312 745 2378 huius
763 2311 837 2376 edit.
859 2311 1015 2396 principis
1029 2313 1195 2398 exemplar

123 2395 351 2464 Corsinianum
380 2420 452 2464 eam
484 2400 585 2468 subiit
613 2400 779 2464 fortunam
808 2403 858 2483 nt,
888 2402 1062 2485 postquam
1091 2402 1126 2466 in
1154 2424 1194 2468 ea

121 2484 303 2554 Politianns
343 2487 451 2554 uarias
484 2489 640 2555 lectiones
675 2511 692 2552 e
727 2486 932 2574 Sangallensi
970 2490 1195 2575 adnotauerat,

122 2575 221 2640 homo
245 2575 376 2660 quidam
399 2577 484 2642 male
507 2577 637 2642 sedulus
660 2577 695 2640 in
718 2575 847 2662 singula
864 2577 945 2644 folia
963 2578 1102 2664 spongia
1125 2600 1192 2644 sae-

122 2664 216 2728 uiret.
261 2686 325 2749 quo
353 2665 476 2731 factum
503 2670 553 2731 est
579 2668 616 2730 ut
641 2665 729 2730 haud
752 2686 876 2749 paucae
903 2670 1001 2732 nouos
1023 2667 1193 2732 litteraeue

122 2751 223 2836 plane
245 2753 428 2818 delerentur
446 2756 505 2820 aut
521 2754 569 2820 itu
586 2755 785 2820 diluerentur
803 2756 841 2818 ut
857 2753 953 2820 hodie
971 2755 1026 2820 uix
1043 2756 1194 2821 umbram

122 2861 234 2906 earum
257 2861 424 2926 agnoscas.
460 2846 569 2910 curtae
587 2864 714 2928 quoque
732 2842 823 2926 ipsae
841 2844 944 2907 multo
967 2863 1029 2908 usu
1053 2844 1194 2910 attritae.

124 2929 248 2994 meedit
278 2929 416 3015 denique
451 2932 537 3017 quod
567 2935 644 2997 ante
673 2930 889 2996 infortunium
919 2930 1001 2996 illud
1031 2931 1114 2998 ulter
1141 2933 1194 2998 uir

126 3017 240 3082 doctus
269 3039 343 3082 suas
368 3019 492 3105 aliquot
518 3023 614 3086 notas
639 3021 903 3103 coniecturaeque
927 3020 1044 3085 adiecit
1067 3020 1193 3086 diffieil-

122 3179 335 3188 ..κ-*κ

193 3261 218 3328 *t
236 3262 316 3318 Idem
338 3261 496 3319 Politiunus
515 3264 550 3319 ad
569 3280 681 3319 uersum
704 3263 734 3317 in
751 3262 928 3334 interpolatis
946 3263 1027 3320 libris
1045 3266 1110 3334 post
1129 3263 1192 3320 silu.

123 3332 170 3401 14,
179 3338 213 3388 86
227 3334 363 3390 insertum
381 3334 451 3389 haee
470 3334 598 3391 adnotat:
617 3336 662 3390 bic
679 3350 775 3390 unere
792 3337 863 3390 deest
880 3337 912 3390 iu
926 3337 996 3390 libro
1010 3337 1194 3391 numantino

120 3406 206 3475 pappi
230 3406 280 3474 oui
297 3423 311 3460 e
333 3407 475 3476 pannonia
493 3407 526 3460 iu
544 3407 662 3461 Italiam
679 3411 719 3461 eet
736 3407 849 3474 relatus,
873 3406 959 3461 uariis
978 3406 1027 3460 ille
1045 3405 1194 3462 Heluetiae

118 3475 454 3546 *appellationibur‘usuu
474 3476 508 3532 of.
528 3476 650 3532 Blassius
668 3477 686 3532 l.
706 3477 725 3530 l.
