2534 3960
134 195 177 260 58
507 196 538 250 Ρ.
556 194 696 250 ΡΑΡΙΝΗ
715 193 836 250 sustu

134 340 215 426 Igne
238 341 332 426 oculi,
355 340 461 424 qualis
484 339 567 404 liber
588 340 654 404 iam
677 338 801 404 casside
825 339 913 405 uisus

134 429 398 514 Parthenopaeus
422 431 505 513 e'rat3
529 428 728 512 simplexque
750 427 885 494 horrore
909 428 1025 494 decoro

135 515 252 602 Crinis,
275 521 308 582 et
331 519 482 583 obsessae
504 516 649 582 nondum
672 515 839 600 primoque
855 517 1021 582 ,micantes

133 605 228 671 Flore
252 627 369 692 genae:
391 607 491 672 talem
508 605 635 670 Ledaeo
658 605 788 690 gurgite
810 605 929 690 pubem
1005 664 1018 688 ,
1185 621 1219 670 45

134 693 263 760 Educet
284 694 434 779 Eurotas,
456 695 561 759 teneri
584 694 629 758 sio
652 693 779 779 integer
802 694 874 758 aeui

134 783 213 848 Elin
236 783 305 848 adit
327 784 511 868 primosque
534 782 607 848 Ioui
628 782 892 866 puerapprobat
914 804 1024 849 annos.

134 870 222 937 Nam
244 872 348 957 pudor
370 873 528 937 innocuae
551 871 669 935 mentis
691 871 932 956 tranquillaque
955 892 1088 936 morum

134 960 321 1046 Temperies
343 963 518 1045 teneroque
541 959 668 1024 animus
691 959 851 1024 maturior
872 979 966 1044 aeuo,

135 1047 285 1114 Carmine
308 1072 372 1133 quo
395 1053 475 1115 notu
497 1069 567 1113 esse
590 1047 734 1133 queant?
763 1068 859 1131 saepe
881 1047 936 1111 ille
959 1047 1130 1114 dolentem
1181 1064 1213 1113 50

135 1135 326 1223 Castigabat
348 1159 438 1202 erum
462 1137 633 1221 studioque
656 1136 795 1221 altisque
818 1136 952 1201 iuuabat

136 1223 303 1305 Consiliis3
326 1229 435 1290 tecum
457 1225 624 1308 tristisque
647 1223 823 1309 hilarisque
845 1246 905 1290 nec
927 1245 1084 1308 umquam

135 1313 194 1378 Ille
218 1336 295 1378 suus
318 1314 507 1396 uultumque
529 1317 586 1377 tuo
611 1313 760 1377 sumebat
782 1313 822 1377 ab
847 1335 910 1379 ore.

135 1401 262 1487 Dignus
286 1405 319 1466 et
340 1400 558 1466 Haemonium
581 1406 609 1466 et
630 1400 774 1484 Pyladen
795 1403 985 1486 praecedere
1008 1401 1101 1468 fama

137 1487 390 1576 Cecropiamque
413 1490 518 1555 fidem.
564 1490 620 1554 sed
642 1489 774 1554 laudum
796 1491 954 1556 terminus
977 1492 1057 1574 esto,
1182 1509 1213 1557 55

137 1577 239 1654 Quem
260 1580 393 1645 fortuna
416 1579 507 1644 sinit:
530 1601 597 1646 non
620 1579 727 1643 mente
749 1579 877 1646 fidelior
899 1599 998 1665 aegre

136 1665 287 1750 Sperauit
308 1669 395 1732 tardi
416 1667 538 1732 reditus
561 1666 725 1732 Eumaeus
747 1666 861 1733 Ulixis.

137 1754 215 1831 Quis
239 1756 317 1821 deus
341 1759 398 1821 aut
421 1756 571 1839 quisnam
593 1758 662 1819 tam
684 1755 792 1822 tristia
814 1758 949 1822 uulnera
971 1777 1065 1821 casus

137 1842 263 1929 Eligit?
286 1843 371 1908 unde
394 1865 510 1908 monus
533 1843 610 1908 fatis
633 1846 702 1908 tam
726 1848 814 1910 certa
831 1844 990 1911 nocendi?

137 1930 286 2014 Oquam
310 1931 431 1996 diuitiis
451 1952 612 2015 censuque
636 1937 749 1998 exutus
774 1935 881 2017 opimo
1182 1951 1213 2000 60

137 2017 275 2104 Fortior,
297 2019 390 2105 Urse‚
412 2021 514 2085 fores!
539 2022 567 2086 si
589 2021 641 2086 uel
663 2023 810 2086 fumante
834 2023 928 2089 ruina

136 2106 338 2192 Raptassent
361 2110 444 2175 dites
466 2108 612 2176 Uesuina
635 2109 783 2185 incendia
805 2110 924 2176 Locros

137 2193 201 2261 Seu
223 2197 425 2264 Pollentinos
447 2200 638 2264 mersissent
658 2199 793 2265 flumina
816 2201 918 2266 saltus

138 2283 202 2349 Seu
224 2285 373 2351 Lucanus
396 2285 475 2350 Acir
497 2307 554 2352 seu
577 2287 750 2372 Thybridis
774 2289 913 2372 impetus
938 2288 1020 2352 ultas

136 2372 176 2436 In
199 2373 347 2440 dextrum
369 2375 519 2442 torsisset
541 2398 650 2461 aquas,
673 2381 818 2461 paterere
843 2399 956 2442 serena
1180 2395 1213 2444 65

136 2459 258 2527 Fronte
281 2463 372 2548 deos;
401 2463 469 2529 siue
493 2465 579 2530 alma
601 2465 696 2531 fidem
719 2467 896 2551 messisque
918 2463 1072 2549 negasset

137 2548 296 2636 Cretaque
320 2550 508 2638 Cyreneque
532 2557 565 2618 et
588 2576 653 2638 qua
674 2555 736 2620 tibi
759 2576 894 2639 eumque
917 2554 1013 2619 beato

137 2637 244 2724 Larga
266 2640 351 2705 redit
372 2641 504 2708 fortuna
527 2643 609 2708 sinu.
654 2645 710 2708 sed
732 2665 834 2730 gnare
858 2643 1005 2709 dolorum

136 2726 266 2792 Inuidia
287 2729 401 2795 infelix
425 2731 524 2798 animi
546 2731 661 2798 uitalia
683 2732 766 2801 uidit

207 3033 242 3082 42
265 3030 338 3085 liber
359 3032 472 3101 scrapsi:
494 3032 577 3088 bellis
596 3038 613 3084 c
631 3051 649 3085 a
668 3034 673 3102 l
693 3033 770 3088 uisus
789 3036 820 3088 ςε
839 3031 902 3088 uisu
921 3039 938 3086 ο
957 3051 974 3085 ι
991 3030 1079 3086 missa
1096 3033 1183 3089 Dum.
1202 3035 1213 3105 ll

136 3101 172 3180 43
190 3115 282 3157 errore
305 3107 324 3157 ς
347 3101 517 3159 Scluuderus
538 3104 548 3173 ΙΙ
568 3110 603 3159 48
625 3102 762 3159 innocuae
784 3103 897 3172 scripsi:
922 3103 997 3158 unde
1018 3103 1104 3158 notae
1127 3104 1211 3158 stc

136 3185 275 3239 mgenuae
293 3173 428 3230 Hapsus
440 3176 451 3245 l
465 3180 499 3230 50
517 3177 586 3230 nota
607 3190 667 3230 esse
692 3177 797 3244 queant
821 3173 941 3228 Marta..-
967 3175 1080 3243 potasse
1104 3191 1210 3244 queam

138 3243 188 3291 Δῦ
207 3241 325 3305 donasse
343 3263 444 3314 queam
459 3245 539 3300 Dosa.
558 3246 669 3302 dotasse
687 3245 842 3312 Haecine!
862 3244 1005 3304 dolentem
1024 3244 1210 3316 Mcduipa'us:

137 3309 280 3368 uolentem
298 3320 316 3366 c
334 3333 351 3368 a
363 3317 373 3386 l
387 3321 421 3372 54
436 3318 465 3372 et
483 3317 594 3373 addidi:
612 3332 663 3372 ora.
683 3322 732 3369 ca
749 3315 871 3372 Aonium
884 3314 1011 3384 Pyladen
1027 3315 1132 3374 Marti.
1146 3319 1159 3388 ll
1174 3325 1207 3375 ⁵8

137 3397 218 3438 casus
235 3384 331 3442 Dora:
353 3403 452 3443 causas
470 3387 513 3441 Δ*
532 3389 573 3456 ⁰l
586 3393 620 3442 62
639 3387 807 3444 Ituotsssent
823 3390 847 3439 Δ
865 3392 891 3456 c,
919 3401 989 3442 corr.
1010 3386 1181 3460 Madvigius
1199 3391 1208 3460 ll

138 3457 172 3508 64
190 3454 256 3511 Acir
273 3457 358 3514 idme:
375 3475 445 3528 ager
462 3464 480 3510 c
498 3477 515 3511 a
