2534 3948
418 241 604 296 sinuaauu
623 241 654 294 1.
673 239 722 310 111,
741 247 765 297 a.

60 389 182 472 Litora,
204 387 260 472 qui
282 385 375 450 falsis
400 385 569 469 deceperat
590 384 701 471 Aegea
723 385 815 450 uelis.

65 479 155 542 Tunc
178 477 320 540 immane
344 493 477 558 gemens
499 475 712 558 foedatusque
737 495 794 538 ora
815 477 963 556 tepentes

68 565 196 630 Affatur
218 564 357 628 cineres:
381 562 451 626 ‘cur
473 584 542 646 nos,
564 562 727 647 fidissime,
749 563 868 649 linquis

63 653 208 718 Fortuna
230 652 395 730 redeunte,
417 650 532 734 pater?
564 651 661 716 modo
684 653 820 716 numina
842 649 954 735 magni

68 740 230 805 Praesidis
254 742 350 824 atque
374 740 489 804 breues
513 761 665 823 superum
687 739 887 823 placauimus
909 739 986 820 iras,

67 830 135 896 Nec
157 829 274 893 frueris
296 828 444 912 tantique
468 828 600 892 orbatus
623 828 767 893 muneris
790 851 851 893 usu

65 918 118 981 Ad
139 939 259 1002 manes,
280 917 418 1000 ingrate,
440 915 537 1002 fugis.
569 938 628 981 nec
650 917 780 982 flectere
802 917 920 980 Parcas

65 1007 134 1070 Aut
154 1005 282 1089 placare
305 1004 410 1069 malae
434 1004 530 1069 datur
553 1026 668 1089 aspera
690 1007 826 1070 numina
848 1002 989 1068 Lethes?

67 1093 169 1179 Felix,
192 1094 243 1158 cui
265 1113 387 1178 magna
408 1097 535 1177 patrem
558 1094 682 1159 ceruice
704 1095 835 1159 uehenti

66 1181 166 1247 Sacra
186 1180 384 1266 Mycenaeae
407 1183 513 1264 patuit
534 1183 716 1248 reuerentia
738 1183 901 1248 flammae!

67 1270 194 1354 Quique
218 1273 310 1334 tener
333 1271 439 1334 saeuis
463 1272 643 1356 genitorem
667 1269 773 1356 Scipio
796 1271 914 1337 Poenis

68 1359 217 1423 Abstulit
240 1361 272 1422 et
293 1356 378 1441 Lydi
401 1359 506 1440 pietas
529 1361 702 1425 temeraria
724 1361 831 1425 Lausi.

63 1447 156 1532 Ergo
179 1450 213 1511 et
235 1445 414 1512 Thessalici
438 1449 576 1513 coniunx
599 1470 735 1532 pensare
758 1449 867 1513 mariti

64 1535 178 1599 Funus
202 1538 235 1600 et
257 1535 415 1600 immitem
438 1538 547 1619 potuit
566 1535 670 1621 Styga
692 1539 821 1601 uincere
844 1534 979 1619 supplex

65 1623 248 1688 Thracius?
278 1623 341 1688 hoc
365 1629 486 1708 quanto
511 1625 625 1689 melius
648 1646 709 1708 pro
731 1628 825 1708 patre
847 1623 971 1689 liceret!

64 1711 145 1776 Non
166 1715 255 1777 totus
278 1712 404 1795 rapiere
427 1717 546 1799 tamen,
567 1735 627 1778 nec
649 1715 766 1779 funera
788 1713 915 1778 mittam

65 1799 227 1885 Longius3
249 1799 303 1864 hic
326 1821 448 1885 manes,
470 1802 524 1880 hic
545 1803 632 1868 intra
653 1805 742 1867 tecta
764 1803 896 1867 tenebo:

61 1889 116 1952 Tu
140 1891 249 1953 custos
272 1888 485 1973 dominusque
507 1891 596 1977 laris,
618 1892 679 1960 tibi
703 1896 819 1956 cuncta
839 1895 971 1967 tuorum

64 1976 247 2061 Parebunt3
271 1996 331 2062 ego
355 1978 416 2042 rite
439 1979 547 2045 minor
572 2002 760 2065 semperque
783 1979 941 2045 secundus

66 2064 227 2130 Assiduae
250 2065 360 2131 libabo
384 2065 482 2151 dapes
506 2072 539 2133 et
560 2069 678 2152 pocula
701 2069 801 2134 saeris

66 2154 223 2219 Manibus
248 2154 434 2239 effigiesque
459 2156 577 2222 colam:
601 2161 633 2222 te
656 2157 762 2222 lucida
786 2177 872 2240 saxa,

64 2243 114 2307 Te
139 2243 277 2307 similem
301 2243 415 2309 doctae
438 2247 557 2311 referet
579 2245 660 2310 mihi
683 2247 770 2310 linea
793 2266 899 2328 cerae3

63 2331 165 2396 Nunc
187 2332 267 2397 ebur
290 2336 323 2395 et
344 2332 472 2397 fuluum
494 2335 604 2400 uultus
627 2334 810 2399 imitabitur
833 2354 956 2398 aurum.

63 2419 148 2484 Inde
171 2421 259 2484 uiam
281 2442 409 2485 morum
431 2421 610 2508 longaeque
634 2424 784 2487 examina
806 2422 894 2486 uitae

62 2507 261 2593 Affatusque
283 2509 356 2592 pios
379 2511 604 2595 monituraque
628 2511 755 2578 somnia
777 2507 930 2594 poscam?

63 2595 162 2660 'l'alia
184 2595 344 2661 dicentem
366 2599 497 2682 genitor
520 2599 685 2664 dulcedine
707 2600 794 2664 laeta

63 2683 173 2748 Audit
195 2688 229 2748 et
249 2685 379 2751 inmites
402 2687 490 2752 lente
513 2687 678 2759 descendit
700 2689 741 2752 ad
763 2687 895 2752 umbras

61 2771 242 2857 Uerbaque
265 2773 399 2839 dilectae
421 2776 486 2840 fert
507 2781 697 2841 narraturus
719 2776 887 2841 Etruscae.

63 2859 168 2925 Salue
192 2882 387 2948 supremum,
410 2865 519 2930 senior
542 2865 714 2929 mitissima
737 2867 877 2948 patrum,

64 2947 329 3034 Supremumque
350 2953 433 3037 nale,
456 2954 512 3037 qui
533 2975 709 3039 numquam
734 2953 857 3035 sospite
879 2955 957 3016 nato

63 3037 178 3103 'l'riste
201 3037 300 3103 chaos
322 3041 502 3125 maestique
526 3042 607 3106 situs
630 3042 754 3124 patiere
778 3039 925 3124 sepulcri.
1087 3052 1139 3102 210

143 3361 196 3410 180
214 3356 311 3412 Litora
330 3362 390 3411 ca:
410 3356 505 3412 Litore
524 3359 630 3426 ς11181
649 3357 770 3412 fremens
790 3355 1049 3426 Marll.u182cur
1067 3359 1141 3412 edd:

61 3429 112 3484 cui
133 3434 184 3480 cs
205 3429 215 3498 ΙΙ
239 3433 290 3484 191
314 3428 365 3483 lidi
383 3432 418 3485 A:
444 3427 512 3483 lichi
530 3430 574 3483 uel
594 3428 642 3483 lici
660 3427 740 3497 (licii)
760 3433 777 3480 0
800 3429 810 3496 ΙΙ
833 3431 885 3481 194
908 3428 962 3482 hoc
980 3432 1004 3479 A
1022 3434 1052 3483 οι
1076 3430 1107 3482 at
1124 3446 1141 3479 a

63 3501 104 3555 ah
127 3503 237 3570 1311203
257 3499 643 3575 11111111111111111111204
662 3499 852 3569 morituraque
871 3502 894 3552 Δ
912 3503 938 3566 0,
958 3513 1028 3554 corr.
1047 3499 1127 3554 Doro.
