<?xml version="1.0" encoding="UTF-8"?>
<!DOCTYPE html PUBLIC "-//W3C//DTD XHTML 1.0 Transitional//EN"
    "http://www.w3.org/TR/xhtml1/DTD/xhtml1-transitional.dtd">
<html xmlns="http://www.w3.org/1999/xhtml" xml:lang="en" lang="en">
 <head>
  <title>
</title>
<meta http-equiv="Content-Type" content="text/html;charset=utf-8" />
  <meta name='ocr-system' content='tesseract 3.04.00' />
  <meta name='ocr-capabilities' content='ocr_page ocr_carea ocr_par ocr_line ocrx_word'/>
</head>
<body>
  <div class='ocr_page' id='page_1' title='image "./silvae00baehgoog_0080.png"; bbox 0 0 2534 3960; ppageno 0'>
   <div class='ocr_carea' id='block_1_1' title="bbox 423 203 1121 272">
    <p class='ocr_par' dir='ltr' id='par_1_1' title="bbox 423 203 1121 272">
     <span class='ocr_line' id='line_1_1' title="bbox 423 203 1121 272; baseline -0.003 -15"><span class='ocrx_word' id='word_1_1' title='bbox 423 203 755 272; x_wconf 65' lang='lat' dir='ltr'><strong>enuntiandus.</strong></span> <span class='ocrx_word' id='word_1_2' title='bbox 934 247 937 254; x_wconf 95' lang='lat'><em>.</em></span> <span class='ocrx_word' id='word_1_3' title='bbox 1029 206 1121 272; x_wconf 79' lang='lat'><strong>-55</strong></span> 
     </span>
    </p>
   </div>
   <div class='ocr_carea' id='block_1_2' title="bbox 50 346 1124 611">
    <p class='ocr_par' dir='ltr' id='par_1_2' title="bbox 50 346 1124 611">
     <span class='ocr_line' id='line_1_2' title="bbox 50 346 1124 434; baseline 0.003 -22"><span class='ocrx_word' id='word_1_4' title='bbox 50 346 99 412; x_wconf 85' lang='lat' dir='ltr'><strong>Et</strong></span> <span class='ocrx_word' id='word_1_5' title='bbox 123 349 239 412; x_wconf 90' lang='lat' dir='ltr'><strong>tenues</strong></span> <span class='ocrx_word' id='word_1_6' title='bbox 261 346 409 412; x_wconf 80' lang='lat' dir='ltr'><strong>Arabum</strong></span> <span class='ocrx_word' id='word_1_7' title='bbox 431 348 594 432; x_wconf 71' lang='lat' dir='ltr'>respirant</span> <span class='ocrx_word' id='word_1_8' title='bbox 616 349 760 434; x_wconf 91' lang='lat' dir='ltr'><strong>gramine</strong></span> <span class='ocrx_word' id='word_1_9' title='bbox 783 350 915 433; x_wconf 84' lang='lat' dir='ltr'><strong>plumae</strong></span> <span class='ocrx_word' id='word_1_10' title='bbox 1091 366 1124 415; x_wconf 79' lang='lat'><strong>35</strong></span> 
     </span>
     <span class='ocr_line' id='line_1_3' title="bbox 52 433 952 524; baseline 0.002 -24"><span class='ocrx_word' id='word_1_11' title='bbox 52 433 259 519; x_wconf 81' lang='lat' dir='ltr'><strong>Sicaniisque</strong></span> <span class='ocrx_word' id='word_1_12' title='bbox 282 435 398 520; x_wconf 80' lang='lat' dir='ltr'><strong>crocis3</strong></span> <span class='ocrx_word' id='word_1_13' title='bbox 423 436 514 501; x_wconf 91' lang='lat' dir='ltr'><strong>senio</strong></span> <span class='ocrx_word' id='word_1_14' title='bbox 536 458 596 501; x_wconf 91' lang='lat' dir='ltr'><strong>nec</strong></span> <span class='ocrx_word' id='word_1_15' title='bbox 618 437 724 503; x_wconf 87' lang='lat' dir='ltr'><strong>fessus</strong></span> <span class='ocrx_word' id='word_1_16' title='bbox 747 438 844 502; x_wconf 86' lang='lat' dir='ltr'><strong>inerti</strong></span> <span class='ocrx_word' id='word_1_17' title='bbox 947 518 952 524; x_wconf 29' lang='lat'>·</span> 
     </span>
     <span class='ocr_line' id='line_1_4' title="bbox 53 520 820 611; baseline 0.007 -24"><span class='ocrx_word' id='word_1_18' title='bbox 53 520 194 588; x_wconf 80' lang='lat' dir='ltr'><strong>Scandit</strong></span> <span class='ocrx_word' id='word_1_19' title='bbox 217 523 368 590; x_wconf 88' lang='lat' dir='ltr'><strong>odoratos</strong></span> <span class='ocrx_word' id='word_1_20' title='bbox 392 523 538 590; x_wconf 81' lang='lat' dir='ltr'><strong>Phoenix</strong></span> <span class='ocrx_word' id='word_1_21' title='bbox 560 525 685 592; x_wconf 78' lang='lat' dir='ltr'><strong>felicior</strong></span> <span class='ocrx_word' id='word_1_22' title='bbox 707 525 820 611; x_wconf 70' lang='lat' dir='ltr'><strong>ignes?</strong></span> 
     </span>
    </p>
   </div>
   <div class='ocr_carea' id='block_1_3' title="bbox 428 753 750 949">
    <p class='ocr_par' dir='ltr' id='par_1_3' title="bbox 428 753 750 949">
     <span class='ocr_line' id='line_1_5' title="bbox 545 753 609 819; baseline 0.016 -1"><span class='ocrx_word' id='word_1_23' title='bbox 545 765 546 768; x_wconf 76' lang='grc'>’</span> <span class='ocrx_word' id='word_1_24' title='bbox 569 753 609 819; x_wconf 85' lang='lat' dir='ltr'><strong>V.</strong></span> 
     </span>
     <span class='ocr_line' id='line_1_6' title="bbox 428 891 750 949; baseline 0.012 -4"><span class='ocrx_word' id='word_1_25' title='bbox 428 891 499 947; x_wconf 83' lang='lat' dir='ltr'><strong>LEO</strong></span> <span class='ocrx_word' id='word_1_26' title='bbox 518 891 750 949; x_wconf 78' lang='lat' dir='ltr'><strong>MANSUETUS.</strong></span> 
     </span>
    </p>
   </div>
   <div class='ocr_carea' id='block_1_4' title="bbox 47 1015 1122 2957">
    <p class='ocr_par' dir='ltr' id='par_1_4' title="bbox 50 1015 897 1104">
     <span class='ocr_line' id='line_1_7' title="bbox 50 1015 897 1104; baseline 0.005 -23"><span class='ocrx_word' id='word_1_27' title='bbox 50 1015 141 1092; x_wconf 80' lang='lat' dir='ltr'><strong>Quid</strong></span> <span class='ocrx_word' id='word_1_28' title='bbox 163 1017 224 1081; x_wconf 91' lang='lat' dir='ltr'><strong>tibi</strong></span> <span class='ocrx_word' id='word_1_29' title='bbox 247 1020 412 1082; x_wconf 85' lang='lat' dir='ltr'><strong>constrata</strong></span> <span class='ocrx_word' id='word_1_30' title='bbox 435 1040 658 1085; x_wconf 81' lang='lat' dir='ltr'><strong>mansuescere</strong></span> <span class='ocrx_word' id='word_1_31' title='bbox 681 1019 804 1104; x_wconf 85' lang='lat' dir='ltr'><strong>profuit</strong></span> <span class='ocrx_word' id='word_1_32' title='bbox 826 1019 897 1085; x_wconf 81' lang='lat' dir='ltr'><strong>ira?</strong></span> 
     </span>
    </p>

    <p class='ocr_par' dir='ltr' id='par_1_5' title="bbox 47 1103 966 1280">
     <span class='ocr_line' id='line_1_8' title="bbox 51 1103 966 1191; baseline 0.008 -23"><span class='ocrx_word' id='word_1_33' title='bbox 51 1103 143 1180; x_wconf 85' lang='lat' dir='ltr'><strong>Quid</strong></span> <span class='ocrx_word' id='word_1_34' title='bbox 165 1106 268 1170; x_wconf 91' lang='lat' dir='ltr'><strong>scelus</strong></span> <span class='ocrx_word' id='word_1_35' title='bbox 290 1105 512 1191; x_wconf 84' lang='lat' dir='ltr'><strong>humanasque</strong></span> <span class='ocrx_word' id='word_1_36' title='bbox 536 1107 646 1173; x_wconf 88' lang='lat' dir='ltr'><strong>animo</strong></span> <span class='ocrx_word' id='word_1_37' title='bbox 670 1108 830 1174; x_wconf 87' lang='lat' dir='ltr'><strong>dediscere</strong></span> <span class='ocrx_word' id='word_1_38' title='bbox 854 1109 966 1174; x_wconf 86' lang='lat' dir='ltr'><strong>caedes</strong></span> 
     </span>
     <span class='ocr_line' id='line_1_9' title="bbox 47 1193 897 1280; baseline 0.006 -23"><span class='ocrx_word' id='word_1_39' title='bbox 47 1193 294 1279; x_wconf 87' lang='lat' dir='ltr'><strong>Imperiumque</strong></span> <span class='ocrx_word' id='word_1_40' title='bbox 316 1195 386 1278; x_wconf 88' lang='lat' dir='ltr'><strong>pati</strong></span> <span class='ocrx_word' id='word_1_41' title='bbox 410 1198 443 1258; x_wconf 92' lang='lat' dir='ltr'><strong>et</strong></span> <span class='ocrx_word' id='word_1_42' title='bbox 465 1195 595 1261; x_wconf 89' lang='lat' dir='ltr'><strong>domino</strong></span> <span class='ocrx_word' id='word_1_43' title='bbox 617 1218 739 1280; x_wconf 86' lang='lat' dir='ltr'><strong>parere</strong></span> <span class='ocrx_word' id='word_1_44' title='bbox 757 1197 897 1262; x_wconf 84' lang='lat' dir='ltr'><strong>minori?</strong></span> 
     </span>
    </p>

    <p class='ocr_par' dir='ltr' id='par_1_6' title="bbox 49 1280 1122 1543">
     <span class='ocr_line' id='line_1_10' title="bbox 51 1280 1050 1369; baseline 0.007 -24"><span class='ocrx_word' id='word_1_45' title='bbox 51 1280 150 1365; x_wconf 81' lang='lat' dir='ltr'><strong>Quid,</strong></span> <span class='ocrx_word' id='word_1_46' title='bbox 173 1282 258 1366; x_wconf 91' lang='lat' dir='ltr'><strong>quod</strong></span> <span class='ocrx_word' id='word_1_47' title='bbox 281 1282 369 1347; x_wconf 88' lang='lat' dir='ltr'><strong>abire</strong></span> <span class='ocrx_word' id='word_1_48' title='bbox 394 1282 490 1348; x_wconf 91' lang='lat' dir='ltr'><strong>domo</strong></span> <span class='ocrx_word' id='word_1_49' title='bbox 514 1305 687 1369; x_wconf 90' lang='lat' dir='ltr'><strong>rursusque</strong></span> <span class='ocrx_word' id='word_1_50' title='bbox 709 1285 745 1349; x_wconf 92' lang='lat' dir='ltr'><strong>in</strong></span> <span class='ocrx_word' id='word_1_51' title='bbox 768 1285 909 1350; x_wconf 89' lang='lat' dir='ltr'><strong>claustra</strong></span> <span class='ocrx_word' id='word_1_52' title='bbox 930 1287 1050 1352; x_wconf 87' lang='lat' dir='ltr'><strong>reuerti</strong></span> 
     </span>
     <span class='ocr_line' id='line_1_11' title="bbox 51 1367 1122 1462; baseline 0.005 -28"><span class='ocrx_word' id='word_1_53' title='bbox 51 1367 176 1435; x_wconf 80' lang='lat' dir='ltr'><strong>Suetus</strong></span> <span class='ocrx_word' id='word_1_54' title='bbox 200 1373 233 1434; x_wconf 92' lang='lat' dir='ltr'><strong>et</strong></span> <span class='ocrx_word' id='word_1_55' title='bbox 256 1392 276 1434; x_wconf 93' lang='lat' dir='ltr'><strong>a</strong></span> <span class='ocrx_word' id='word_1_56' title='bbox 298 1373 394 1454; x_wconf 86' lang='lat' dir='ltr'><strong>capta</strong></span> <span class='ocrx_word' id='word_1_57' title='bbox 416 1371 482 1438; x_wconf 83' lang='lat' dir='ltr'><strong>iarn</strong></span> <span class='ocrx_word' id='word_1_58' title='bbox 505 1376 621 1456; x_wconf 88' lang='lat' dir='ltr'><strong>sponte</strong></span> <span class='ocrx_word' id='word_1_59' title='bbox 643 1373 790 1462; x_wconf 83' lang='lat' dir='ltr'><strong>recedere</strong></span> <span class='ocrx_word' id='word_1_60' title='bbox 813 1374 933 1457; x_wconf 89' lang='lat' dir='ltr'><strong>praeda</strong></span> <span class='ocrx_word' id='word_1_61' title='bbox 1106 1389 1122 1439; x_wconf 86' lang='lat'><strong>5</strong></span> 
     </span>
     <span class='ocr_line' id='line_1_12' title="bbox 49 1457 843 1543; baseline 0.006 -22"><span class='ocrx_word' id='word_1_62' title='bbox 49 1457 264 1543; x_wconf 86' lang='lat' dir='ltr'><strong>Insertasque</strong></span> <span class='ocrx_word' id='word_1_63' title='bbox 287 1481 402 1524; x_wconf 88' lang='lat' dir='ltr'><strong>manus</strong></span> <span class='ocrx_word' id='word_1_64' title='bbox 425 1460 500 1525; x_wconf 86' lang='lat' dir='ltr'><strong>laxo</strong></span> <span class='ocrx_word' id='word_1_65' title='bbox 525 1460 686 1526; x_wconf 77' lang='lat' dir='ltr'><strong>dimittere</strong></span> <span class='ocrx_word' id='word_1_66' title='bbox 710 1462 843 1528; x_wconf 82' lang='lat' dir='ltr'><strong>morsu?</strong></span> 
     </span>
    </p>

    <p class='ocr_par' dir='ltr' id='par_1_7' title="bbox 49 1545 816 1633">
     <span class='ocr_line' id='line_1_13' title="bbox 49 1545 816 1633; baseline 0.005 -23"><span class='ocrx_word' id='word_1_67' title='bbox 49 1545 192 1630; x_wconf 87' lang='lat' dir='ltr'><strong>Occidis,</strong></span> <span class='ocrx_word' id='word_1_68' title='bbox 215 1547 355 1612; x_wconf 87' lang='lat' dir='ltr'><strong>altarum</strong></span> <span class='ocrx_word' id='word_1_69' title='bbox 378 1551 526 1613; x_wconf 90' lang='lat' dir='ltr'><strong>uestator</strong></span> <span class='ocrx_word' id='word_1_70' title='bbox 548 1548 641 1614; x_wconf 89' lang='lat' dir='ltr'><strong>docte</strong></span> <span class='ocrx_word' id='word_1_71' title='bbox 664 1549 816 1633; x_wconf 82' lang='lat' dir='ltr'><strong>ferarum,</strong></span> 
     </span>
    </p>

    <p class='ocr_par' dir='ltr' id='par_1_8' title="bbox 50 1632 941 1722">
     <span class='ocr_line' id='line_1_14' title="bbox 50 1632 941 1722; baseline 0.007 -24"><span class='ocrx_word' id='word_1_72' title='bbox 50 1632 133 1698; x_wconf 89' lang='lat' dir='ltr'><strong>Non</strong></span> <span class='ocrx_word' id='word_1_73' title='bbox 155 1655 254 1720; x_wconf 84' lang='lat' dir='ltr'><strong>grege</strong></span> <span class='ocrx_word' id='word_1_74' title='bbox 276 1634 421 1719; x_wconf 87' lang='lat' dir='ltr'><strong>Massylo</strong></span> <span class='ocrx_word' id='word_1_75' title='bbox 445 1657 606 1721; x_wconf 86' lang='lat' dir='ltr'><strong>eurueque</strong></span> <span class='ocrx_word' id='word_1_76' title='bbox 629 1637 781 1722; x_wconf 84' lang='lat' dir='ltr'><strong>indagine</strong></span> <span class='ocrx_word' id='word_1_77' title='bbox 804 1638 941 1722; x_wconf 86' lang='lat' dir='ltr'><strong>clausus,</strong></span> 
     </span>
    </p>

    <p class='ocr_par' dir='ltr' id='par_1_9' title="bbox 49 1720 740 1807">
     <span class='ocr_line' id='line_1_15' title="bbox 49 1720 740 1807; baseline 0.006 -21"><span class='ocrx_word' id='word_1_78' title='bbox 49 1720 133 1787; x_wconf 89' lang='lat' dir='ltr'><strong>Non</strong></span> <span class='ocrx_word' id='word_1_79' title='bbox 154 1722 327 1788; x_wconf 89' lang='lat' dir='ltr'><strong>formidato</strong></span> <span class='ocrx_word' id='word_1_80' title='bbox 352 1745 449 1807; x_wconf 87' lang='lat' dir='ltr'><strong>supra</strong></span> <span class='ocrx_word' id='word_1_81' title='bbox 471 1725 631 1790; x_wconf 87' lang='lat' dir='ltr'><strong>uenabula</strong></span> <span class='ocrx_word' id='word_1_82' title='bbox 654 1726 740 1790; x_wconf 85' lang='lat' dir='ltr'><strong>saltu</strong></span> 
     </span>
    </p>

    <p class='ocr_par' dir='ltr' id='par_1_10' title="bbox 50 1810 1121 1986">
     <span class='ocr_line' id='line_1_16' title="bbox 50 1810 1121 1899; baseline 0.006 -24"><span class='ocrx_word' id='word_1_83' title='bbox 50 1810 181 1876; x_wconf 91' lang='lat' dir='ltr'><strong>Incitus</strong></span> <span class='ocrx_word' id='word_1_84' title='bbox 204 1814 262 1876; x_wconf 88' lang='lat' dir='ltr'><strong>aut</strong></span> <span class='ocrx_word' id='word_1_85' title='bbox 284 1833 378 1877; x_wconf 87' lang='lat' dir='ltr'><strong>caeco</strong></span> <span class='ocrx_word' id='word_1_86' title='bbox 402 1811 515 1877; x_wconf 85' lang='lat' dir='ltr'><strong>foueae</strong></span> <span class='ocrx_word' id='word_1_87' title='bbox 539 1813 690 1897; x_wconf 87' lang='lat' dir='ltr'><strong>deceptus</strong></span> <span class='ocrx_word' id='word_1_88' title='bbox 715 1814 821 1899; x_wconf 88' lang='lat' dir='ltr'><strong>hiatu,</strong></span> <span class='ocrx_word' id='word_1_89' title='bbox 1089 1833 1121 1881; x_wconf 92' lang='lat'><strong>10</strong></span> 
     </span>
     <span class='ocr_line' id='line_1_17' title="bbox 52 1898 916 1986; baseline 0.008 -23"><span class='ocrx_word' id='word_1_90' title='bbox 52 1898 120 1963; x_wconf 80' lang='lat' dir='ltr'><strong>Sed</strong></span> <span class='ocrx_word' id='word_1_91' title='bbox 142 1899 247 1965; x_wconf 92' lang='lat' dir='ltr'><strong>uictus</strong></span> <span class='ocrx_word' id='word_1_92' title='bbox 270 1900 415 1986; x_wconf 84' lang='lat' dir='ltr'><strong>fugiente</strong></span> <span class='ocrx_word' id='word_1_93' title='bbox 439 1901 516 1966; x_wconf 88' lang='lat' dir='ltr'><strong>fera.</strong></span> <span class='ocrx_word' id='word_1_94' title='bbox 562 1906 628 1966; x_wconf 90' lang='lat' dir='ltr'><strong>stat</strong></span> <span class='ocrx_word' id='word_1_95' title='bbox 651 1902 781 1968; x_wconf 87' lang='lat' dir='ltr'><strong>cardine</strong></span> <span class='ocrx_word' id='word_1_96' title='bbox 805 1907 916 1986; x_wconf 87' lang='lat' dir='ltr'><strong>aperto</strong></span> 
     </span>
    </p>

    <p class='ocr_par' dir='ltr' id='par_1_11' title="bbox 51 1987 939 2075">
     <span class='ocr_line' id='line_1_18' title="bbox 51 1987 939 2075; baseline 0.006 -23"><span class='ocrx_word' id='word_1_97' title='bbox 51 1987 174 2052; x_wconf 85' lang='lat' dir='ltr'><strong>Infelix</strong></span> <span class='ocrx_word' id='word_1_98' title='bbox 197 2010 304 2072; x_wconf 84' lang='lat' dir='ltr'><strong>cauea,</strong></span> <span class='ocrx_word' id='word_1_99' title='bbox 328 1992 361 2053; x_wconf 90' lang='lat' dir='ltr'><strong>et</strong></span> <span class='ocrx_word' id='word_1_100' title='bbox 384 1989 502 2054; x_wconf 86' lang='lat' dir='ltr'><strong>eleusis</strong></span> <span class='ocrx_word' id='word_1_101' title='bbox 526 1990 646 2054; x_wconf 86' lang='lat' dir='ltr'><strong>circum</strong></span> <span class='ocrx_word' id='word_1_102' title='bbox 668 1991 812 2075; x_wconf 90' lang='lat' dir='ltr'><strong>undique</strong></span> <span class='ocrx_word' id='word_1_103' title='bbox 835 1992 939 2075; x_wconf 89' lang='lat' dir='ltr'><strong>portis</strong></span> 
     </span>
    </p>

    <p class='ocr_par' dir='ltr' id='par_1_12' title="bbox 50 2074 833 2144">
     <span class='ocr_line' id='line_1_19' title="bbox 50 2074 833 2144; baseline 0.006 -5"><span class='ocrx_word' id='word_1_104' title='bbox 50 2074 128 2140; x_wconf 89' lang='lat' dir='ltr'><strong>Hoc</strong></span> <span class='ocrx_word' id='word_1_105' title='bbox 149 2075 278 2141; x_wconf 89' lang='lat' dir='ltr'><strong>licuisse</strong></span> <span class='ocrx_word' id='word_1_106' title='bbox 300 2077 394 2142; x_wconf 86' lang='lat' dir='ltr'><strong>nefas</strong></span> <span class='ocrx_word' id='word_1_107' title='bbox 417 2077 523 2143; x_wconf 89' lang='lat' dir='ltr'><strong>rabidi</strong></span> <span class='ocrx_word' id='word_1_108' title='bbox 545 2082 691 2144; x_wconf 89' lang='lat' dir='ltr'><strong>tumuere</strong></span> <span class='ocrx_word' id='word_1_109' title='bbox 714 2079 833 2144; x_wconf 90' lang='lat' dir='ltr'><strong>leones.</strong></span> 
     </span>
    </p>

    <p class='ocr_par' dir='ltr' id='par_1_13' title="bbox 52 2163 1121 2426">
     <span class='ocr_line' id='line_1_20' title="bbox 52 2163 941 2251; baseline 0.008 -24"><span class='ocrx_word' id='word_1_110' title='bbox 52 2163 139 2227; x_wconf 81' lang='lat' dir='ltr'><strong>Tum</strong></span> <span class='ocrx_word' id='word_1_111' title='bbox 162 2165 287 2230; x_wconf 89' lang='lat' dir='ltr'><strong>cunctis</strong></span> <span class='ocrx_word' id='word_1_112' title='bbox 311 2165 452 2231; x_wconf 86' lang='lat' dir='ltr'><strong>cecidere</strong></span> <span class='ocrx_word' id='word_1_113' title='bbox 474 2166 579 2249; x_wconf 88' lang='lat' dir='ltr'><strong>iubae,</strong></span> <span class='ocrx_word' id='word_1_114' title='bbox 601 2167 777 2251; x_wconf 88' lang='lat' dir='ltr'><strong>puduitque</strong></span> <span class='ocrx_word' id='word_1_115' title='bbox 800 2168 941 2234; x_wconf 87' lang='lat' dir='ltr'><strong>relatum</strong></span> 
     </span>
     <span class='ocr_line' id='line_1_21' title="bbox 52 2251 1121 2336; baseline 0.006 -20"><span class='ocrx_word' id='word_1_116' title='bbox 52 2251 217 2336; x_wconf 87' lang='lat' dir='ltr'><strong>Aspicere,</strong></span> <span class='ocrx_word' id='word_1_117' title='bbox 240 2257 274 2318; x_wconf 89' lang='lat' dir='ltr'><strong>et</strong></span> <span class='ocrx_word' id='word_1_118' title='bbox 294 2256 383 2319; x_wconf 88' lang='lat' dir='ltr'><strong>totas</strong></span> <span class='ocrx_word' id='word_1_119' title='bbox 407 2254 523 2320; x_wconf 88' lang='lat' dir='ltr'><strong>duxere</strong></span> <span class='ocrx_word' id='word_1_120' title='bbox 547 2255 582 2318; x_wconf 91' lang='lat' dir='ltr'><strong>in</strong></span> <span class='ocrx_word' id='word_1_121' title='bbox 604 2255 730 2320; x_wconf 88' lang='lat' dir='ltr'><strong>lumina</strong></span> <span class='ocrx_word' id='word_1_122' title='bbox 752 2255 885 2322; x_wconf 89' lang='lat' dir='ltr'><strong>frontes.</strong></span> <span class='ocrx_word' id='word_1_123' title='bbox 1088 2273 1121 2323; x_wconf 79' lang='lat'><strong>15</strong></span> 
     </span>
     <span class='ocr_line' id='line_1_22' title="bbox 53 2339 852 2426; baseline 0.008 -22"><span class='ocrx_word' id='word_1_124' title='bbox 53 2339 102 2404; x_wconf 87' lang='lat' dir='ltr'><strong>At</strong></span> <span class='ocrx_word' id='word_1_125' title='bbox 124 2361 192 2405; x_wconf 93' lang='lat' dir='ltr'><strong>non</strong></span> <span class='ocrx_word' id='word_1_126' title='bbox 213 2345 247 2405; x_wconf 88' lang='lat' dir='ltr'><strong>te</strong></span> <span class='ocrx_word' id='word_1_127' title='bbox 269 2342 375 2426; x_wconf 86' lang='lat' dir='ltr'><strong>primo</strong></span> <span class='ocrx_word' id='word_1_128' title='bbox 393 2342 503 2407; x_wconf 91' lang='lat' dir='ltr'><strong>fusum</strong></span> <span class='ocrx_word' id='word_1_129' title='bbox 525 2365 630 2409; x_wconf 94' lang='lat' dir='ltr'><strong>nouus</strong></span> <span class='ocrx_word' id='word_1_130' title='bbox 654 2344 763 2409; x_wconf 88' lang='lat' dir='ltr'><strong>obruit</strong></span> <span class='ocrx_word' id='word_1_131' title='bbox 786 2344 852 2418; x_wconf 85' lang='lat' dir='ltr'><strong>ictu</strong></span> 
     </span>
    </p>

    <p class='ocr_par' dir='ltr' id='par_1_14' title="bbox 52 2427 900 2517">
     <span class='ocr_line' id='line_1_23' title="bbox 52 2427 900 2517; baseline 0.006 -24"><span class='ocrx_word' id='word_1_132' title='bbox 52 2427 114 2493; x_wconf 89' lang='lat' dir='ltr'><strong>Ille</strong></span> <span class='ocrx_word' id='word_1_133' title='bbox 137 2429 255 2512; x_wconf 89' lang='lat' dir='ltr'><strong>pudor:</strong></span> <span class='ocrx_word' id='word_1_134' title='bbox 278 2452 425 2496; x_wconf 88' lang='lat' dir='ltr'><strong>mansere</strong></span> <span class='ocrx_word' id='word_1_135' title='bbox 449 2431 558 2515; x_wconf 83' lang='lat' dir='ltr'><strong>animi,</strong></span> <span class='ocrx_word' id='word_1_136' title='bbox 580 2432 749 2517; x_wconf 89' lang='lat' dir='ltr'><strong>uirtusque</strong></span> <span class='ocrx_word' id='word_1_137' title='bbox 772 2433 900 2498; x_wconf 88' lang='lat' dir='ltr'><strong>cedenti</strong></span> 
     </span>
    </p>

    <p class='ocr_par' dir='ltr' id='par_1_15' title="bbox 52 2513 935 2606">
     <span class='ocr_line' id='line_1_24' title="bbox 52 2513 935 2606; baseline 0.006 -26"><span class='ocrx_word' id='word_1_138' title='bbox 52 2513 86 2580; x_wconf 82' lang='lat' dir='ltr'><strong>A</strong></span> <span class='ocrx_word' id='word_1_139' title='bbox 108 2517 215 2582; x_wconf 88' lang='lat' dir='ltr'><strong>media</strong></span> <span class='ocrx_word' id='word_1_140' title='bbox 238 2519 304 2582; x_wconf 86' lang='lat' dir='ltr'><strong>iam</strong></span> <span class='ocrx_word' id='word_1_141' title='bbox 327 2522 430 2585; x_wconf 89' lang='lat' dir='ltr'><strong>morte</strong></span> <span class='ocrx_word' id='word_1_142' title='bbox 453 2520 545 2604; x_wconf 83' lang='lat' dir='ltr'><strong>redit,</strong></span> <span class='ocrx_word' id='word_1_143' title='bbox 568 2542 628 2585; x_wconf 90' lang='lat' dir='ltr'><strong>nec</strong></span> <span class='ocrx_word' id='word_1_144' title='bbox 650 2521 799 2606; x_wconf 87' lang='lat' dir='ltr'><strong>protinus</strong></span> <span class='ocrx_word' id='word_1_145' title='bbox 823 2542 935 2585; x_wconf 90' lang='lat' dir='ltr'><strong>omnes</strong></span> 
     </span>
    </p>

    <p class='ocr_par' dir='ltr' id='par_1_16' title="bbox 55 2605 910 2690">
     <span class='ocr_line' id='line_1_25' title="bbox 55 2605 910 2690; baseline 0.004 -21"><span class='ocrx_word' id='word_1_146' title='bbox 55 2605 165 2690; x_wconf 84' lang='lat' dir='ltr'><strong>Terga</strong></span> <span class='ocrx_word' id='word_1_147' title='bbox 188 2605 303 2672; x_wconf 90' lang='lat' dir='ltr'><strong>dedere</strong></span> <span class='ocrx_word' id='word_1_148' title='bbox 326 2607 442 2671; x_wconf 87' lang='lat' dir='ltr'><strong>minae.</strong></span> <span class='ocrx_word' id='word_1_149' title='bbox 488 2608 571 2673; x_wconf 90' lang='lat' dir='ltr'><strong>siout</strong></span> <span class='ocrx_word' id='word_1_150' title='bbox 595 2609 658 2673; x_wconf 89' lang='lat' dir='ltr'><strong>sibi</strong></span> <span class='ocrx_word' id='word_1_151' title='bbox 682 2609 827 2674; x_wconf 77' lang='lat' dir='ltr'><strong>conscius</strong></span> <span class='ocrx_word' id='word_1_152' title='bbox 851 2609 910 2673; x_wconf 89' lang='lat' dir='ltr'><strong>alti</strong></span> 
     </span>
    </p>

    <p class='ocr_par' dir='ltr' id='par_1_17' title="bbox 52 2692 1121 2867">
     <span class='ocr_line' id='line_1_26' title="bbox 52 2692 1121 2763; baseline 0.004 -5"><span class='ocrx_word' id='word_1_153' title='bbox 52 2692 210 2759; x_wconf 88' lang='lat' dir='ltr'><strong>Uulneris</strong></span> <span class='ocrx_word' id='word_1_154' title='bbox 234 2695 404 2759; x_wconf 86' lang='lat' dir='ltr'><strong>aduersum</strong></span> <span class='ocrx_word' id='word_1_155' title='bbox 427 2697 568 2760; x_wconf 88' lang='lat' dir='ltr'><strong>moriens</strong></span> <span class='ocrx_word' id='word_1_156' title='bbox 590 2697 618 2761; x_wconf 91' lang='lat' dir='ltr'><strong>it</strong></span> <span class='ocrx_word' id='word_1_157' title='bbox 640 2698 732 2761; x_wconf 79' lang='lat' dir='ltr'><strong>miles</strong></span> <span class='ocrx_word' id='word_1_158' title='bbox 757 2697 791 2761; x_wconf 89' lang='lat' dir='ltr'><strong>in</strong></span> <span class='ocrx_word' id='word_1_159' title='bbox 813 2698 944 2762; x_wconf 86' lang='lat' dir='ltr'><strong>hostem</strong></span> <span class='ocrx_word' id='word_1_160' title='bbox 1088 2715 1121 2763; x_wconf 76' lang='lat'><strong>20</strong></span> 
     </span>
     <span class='ocr_line' id='line_1_27' title="bbox 52 2780 907 2867; baseline 0.007 -21"><span class='ocrx_word' id='word_1_161' title='bbox 52 2780 252 2867; x_wconf 87' lang='lat' dir='ltr'><strong>Attollitque</strong></span> <span class='ocrx_word' id='word_1_162' title='bbox 275 2805 408 2848; x_wconf 85' lang='lat' dir='ltr'><strong>menum</strong></span> <span class='ocrx_word' id='word_1_163' title='bbox 431 2787 464 2847; x_wconf 89' lang='lat' dir='ltr'><strong>et</strong></span> <span class='ocrx_word' id='word_1_164' title='bbox 485 2784 571 2849; x_wconf 90' lang='lat' dir='ltr'><strong>ferro</strong></span> <span class='ocrx_word' id='word_1_165' title='bbox 595 2785 725 2850; x_wconf 89' lang='lat' dir='ltr'><strong>labente</strong></span> <span class='ocrx_word' id='word_1_166' title='bbox 750 2786 907 2852; x_wconf 84' lang='lat' dir='ltr'><strong>minatur:</strong></span> 
     </span>
    </p>

    <p class='ocr_par' dir='ltr' id='par_1_18' title="bbox 52 2869 895 2957">
     <span class='ocr_line' id='line_1_28' title="bbox 52 2869 895 2957; baseline 0.004 -22"><span class='ocrx_word' id='word_1_167' title='bbox 52 2869 108 2936; x_wconf 84' lang='lat' dir='ltr'><strong>Sic</strong></span> <span class='ocrx_word' id='word_1_168' title='bbox 132 2870 225 2956; x_wconf 89' lang='lat' dir='ltr'><strong>piger</strong></span> <span class='ocrx_word' id='word_1_169' title='bbox 246 2871 301 2935; x_wconf 92' lang='lat' dir='ltr'><strong>ille</strong></span> <span class='ocrx_word' id='word_1_170' title='bbox 325 2870 427 2956; x_wconf 89' lang='lat' dir='ltr'><strong>gradu</strong></span> <span class='ocrx_word' id='word_1_171' title='bbox 451 2873 611 2957; x_wconf 91' lang='lat' dir='ltr'><strong>solitoque</strong></span> <span class='ocrx_word' id='word_1_172' title='bbox 635 2877 749 2939; x_wconf 85' lang='lat' dir='ltr'><strong>exutus</strong></span> <span class='ocrx_word' id='word_1_173' title='bbox 771 2875 895 2940; x_wconf 90' lang='lat' dir='ltr'><strong>honore</strong></span> 
     </span>
    </p>
   </div>
   <div class='ocr_carea' id='block_1_5' title="bbox 50 3047 268 3057">
    <p class='ocr_par' dir='ltr' id='par_1_19' title="bbox 50 3047 268 3057">
     <span class='ocr_line' id='line_1_29' title="bbox 50 3047 268 3057; baseline -0.005 0"><span class='ocrx_word' id='word_1_174' title='bbox 50 3047 268 3057; x_wconf 47' lang='grc' dir='ltr'><strong>-ψ</strong></span> 
     </span>
    </p>
   </div>
   <div class='ocr_carea' id='block_1_6' title="bbox 51 3167 1121 3522">
    <p class='ocr_par' dir='ltr' id='par_1_20' title="bbox 51 3167 1121 3522">
     <span class='ocr_line' id='line_1_30' title="bbox 125 3167 1121 3312; baseline 0.008 -21"><span class='ocrx_word' id='word_1_175' title='bbox 125 3173 160 3292; x_wconf 48' lang='lat' dir='ltr'><strong>id.</strong></span> <span class='ocrx_word' id='word_1_176' title='bbox 180 3167 404 3294; x_wconf 43' lang='lat' dir='ltr'><strong>{cadeolrdtdc</strong></span> <span class='ocrx_word' id='word_1_177' title='bbox 423 3258 447 3307; x_wconf 79' lang='lat' dir='ltr'><strong>a,</strong></span> <span class='ocrx_word' id='word_1_178' title='bbox 466 3255 535 3294; x_wconf 81' lang='lat' dir='ltr'><strong>corr.</strong></span> <span class='ocrx_word' id='word_1_179' title='bbox 555 3240 636 3294; x_wconf 86' lang='lat' dir='ltr'><strong>Dom.</strong></span> <span class='ocrx_word' id='word_1_180' title='bbox 650 3241 690 3309; x_wconf 72' lang='lat' dir='ltr'><strong>llo</strong></span> <span class='ocrx_word' id='word_1_181' title='bbox 709 3241 882 3312; x_wconf 79' lang='lat' dir='ltr'><strong>insertaeque</strong></span> <span class='ocrx_word' id='word_1_182' title='bbox 903 3247 921 3298; x_wconf 80' lang='grc' dir='ltr'>ς</span> <span class='ocrx_word' id='word_1_183' title='bbox 940 3261 969 3298; x_wconf 80' lang='lat' dir='ltr'><strong>a:</strong></span> <span class='ocrx_word' id='word_1_184' title='bbox 988 3242 1121 3299; x_wconf 81' lang='lat' dir='ltr'><strong>incertae·</strong></span> 
     </span>
     <span class='ocr_line' id='line_1_31' title="bbox 53 3309 1120 3393; baseline 0.003 -28"><span class='ocrx_word' id='word_1_185' title='bbox 53 3326 108 3380; x_wconf 91' lang='lat' dir='ltr'><strong>que</strong></span> <span class='ocrx_word' id='word_1_186' title='bbox 123 3309 166 3392; x_wconf 37' lang='lat' dir='ltr'><strong>⁰·ss</strong></span> <span class='ocrx_word' id='word_1_187' title='bbox 180 3315 213 3362; x_wconf 74' lang='lat'><strong>12</strong></span> <span class='ocrx_word' id='word_1_188' title='bbox 232 3309 393 3392; x_wconf 71' lang='lat' dir='ltr'><strong>clausae-</strong></span> <span class='ocrx_word' id='word_1_189' title='bbox 412 3311 508 3380; x_wconf 84' lang='lat' dir='ltr'><strong>portae</strong></span> <span class='ocrx_word' id='word_1_190' title='bbox 527 3316 545 3361; x_wconf 69' lang='grc' dir='ltr'><strong>θ</strong></span> <span class='ocrx_word' id='word_1_191' title='bbox 563 3329 589 3379; x_wconf 80' lang='lat' dir='ltr'><strong>a,</strong></span> <span class='ocrx_word' id='word_1_192' title='bbox 607 3326 677 3393; x_wconf 69' lang='lat' dir='ltr'><strong>qorr.</strong></span> <span class='ocrx_word' id='word_1_193' title='bbox 688 3309 805 3368; x_wconf 55' lang='lat' dir='ltr'><strong>Metus</strong></span> <span class='ocrx_word' id='word_1_194' title='bbox 817 3313 827 3381; x_wconf 87' lang='grc' dir='ltr'><strong>ΙΙ</strong></span> <span class='ocrx_word' id='word_1_195' title='bbox 843 3319 875 3367; x_wconf 83' lang='grc'><strong>13</strong></span> <span class='ocrx_word' id='word_1_196' title='bbox 888 3313 981 3369; x_wconf 83' lang='lat' dir='ltr'><strong>rabidi</strong></span> <span class='ocrx_word' id='word_1_197' title='bbox 994 3316 1120 3369; x_wconf 86' lang='lat' dir='ltr'><strong>tumuere</strong></span> 
     </span>
     <span class='ocr_line' id='line_1_32' title="bbox 51 3380 1121 3522; baseline -0.003 -14"><span class='ocrx_word' id='word_1_198' title='bbox 51 3380 497 3520; x_wconf 56' lang='lat' dir='ltr'><strong>tdtttlliieuttt.</strong></span> <span class='ocrx_word' id='word_1_199' title='bbox 512 3381 679 3522; x_wconf 48' lang='lat' dir='ltr'><strong>istit</strong></span> <span class='ocrx_word' id='word_1_200' title='bbox 692 3397 822 3508; x_wconf 51' lang='lat' dir='ltr'><strong>didm</strong></span> <span class='ocrx_word' id='word_1_201' title='bbox 852 3384 956 3440; x_wconf 59' lang='grc' dir='ltr'><strong>Μ·</strong></span> <span class='ocrx_word' id='word_1_202' title='bbox 984 3383 1121 3440; x_wconf 53' lang='lat' dir='ltr'><strong>*m</strong></span> 
     </span>
    </p>
   </div>
   <div class='ocr_carea' id='block_1_7' title="bbox 0 0 1274 3960">
    <p class='ocr_par' dir='ltr' id='par_1_21' title="bbox 0 0 1274 3960">
     <span class='ocr_line' id='line_1_33' title="bbox 0 0 1274 3960; baseline 0 0"><span class='ocrx_word' id='word_1_203' title='bbox 0 0 1274 3960; x_wconf 95' lang='lat' dir='ltr'><strong> </strong></span> 
     </span>
    </p>
   </div>
  </div>
 </body>
</html>
