2534 3960
422 203 609 260 succuum
623 205 654 259 u.
674 206 695 273 1,
714 211 740 258 a.

42 350 237 434 Angustum
260 348 398 432 spoliare
421 369 535 412 nemus
554 346 792 434 Clymeneaque
811 348 902 414 desse

44 437 205 502 earmina
226 456 286 501 neo
308 436 426 500 uirides
450 437 528 500 saiis
551 437 755 502 inlacrimare
780 460 920 522 sorores3

42 524 179 590 Uellera
203 523 334 589 Sidonio
358 524 423 589 iam
446 546 549 608 pauca
572 526 741 590 rubescere
763 527 841 590 iabo
1063 543 1116 592 125

44 613 200 698 Raraque
222 613 391 698 longaeuis
414 613 545 678 niuibus
569 615 722 698 crysialla
744 614 855 698 gelari.

42 701 134 766 Huic
156 701 313 766 Hermum
335 700 490 785 fuluoque
513 701 639 787 Tagum
663 703 828 767 decurrere
851 703 929 769 limo

45 788 133 875 (Nec
156 790 234 854 sadis
258 789 298 853 ad
321 787 449 874 cultus),
471 790 546 854 huic
569 790 633 854 uda
654 791 788 856 monilia
810 789 969 857 Glaucum

44 877 230 962 Proteaque
254 881 351 962 atque
374 898 503 942 omnem
527 877 667 942 Nereida
689 898 842 963 quaerere
865 881 954 946 iussi.

45 966 144 1030 Hauc
166 966 195 1031 si
217 965 421 1030 Thessalicos
443 966 589 1051 uidisses,
611 967 751 1052 Phoebe,
773 989 831 1051 per
854 989 958 1054 agros,
1064 987 1114 1036 130

44 1053 183 1118 Errarei
206 1075 317 1119 secura
339 1053 485 1138 Daphne.
532 1055 617 1120 siin
640 1055 734 1121 litore
757 1055 844 1120 Naxi

44 1143 210 1206 Theseum
232 1143 323 1206 iuxta
344 1142 429 1207 foret
450 1143 532 1208 haec
554 1147 729 1232 conspecta
752 1144 865 1228 cubile,

45 1230 196 1296 Gnosida
217 1230 377 1296 desertam
399 1232 557 1316 profugus
580 1231 729 1316 liquisset
753 1237 785 1298 ci
807 1232 935 1300 Euhan.

46 1317 143 1393 Quod
165 1319 229 1383 nisi
251 1340 303 1382 me
325 1319 433 1404 longis
455 1321 618 1403 placasses
639 1319 722 1385 Iuno
745 1322 892 1405 querelis,

44 1406 165 1471 Falsus
187 1407 262 1471 huic
284 1407 402 1491 pinnas
425 1411 459 1471 ei
481 1429 602 1473 cornua
625 1413 767 1474 sumeret
789 1409 920 1474 aeihrae
1063 1428 1113 1479 135

44 1495 177 1579 Becher,
199 1495 235 1558 in
256 1495 342 1560 hanc
364 1517 441 1560 uero
465 1497 632 1562 cecidisset
653 1495 777 1580 Iupiier
799 1519 888 1562 auro.

46 1582 112 1647 Sed
135 1582 264 1648 dabitur
287 1583 405 1667 iuueni,
427 1584 479 1648 eui
501 1586 546 1666 iu,
569 1605 642 1648 mea
665 1605 791 1649 summa
813 1588 967 1670 potestas,

44 1671 144 1755 Nate,
167 1671 267 1756 cupis,
289 1671 427 1736 thalami
449 1673 597 1756 quamuis
620 1672 698 1758 iuga
720 1672 804 1737 ferre
828 1674 961 1739 secundi

47 1758 152 1842 Saepe
175 1763 274 1843 neget
295 1780 450 1824 maerens.
494 1759 599 1843 ipsam
622 1760 687 1825 iam
710 1760 820 1826 cedere
844 1763 931 1826 sensi

45 1847 150 1930 Inque
173 1847 277 1912 uicem
299 1847 442 1931 iepuisse
465 1847 561 1914 uiro?
607 1848 653 1913 sic
675 1848 745 1914 faia
767 1849 891 1914 leuauit
1062 1869 1113 1919 140

47 1934 197 1999 Sidereos
221 1939 310 2000 arius
333 1934 532 2020 ihalamique
555 1957 686 2021 egressa
708 1939 883 2021 superbum

47 2021 165 2086 Limen
186 2020 382 2106 Amyclaeos
407 2025 448 2088 ad
470 2024 562 2090 frena
585 2026 700 2090 citauit
723 2026 838 2090 olores.

45 2110 161 2196 langii
181 2110 284 2177 Amor
306 2112 490 2197 laetamque
513 2114 635 2178 uehens
658 2135 716 2196 per
738 2114 852 2178 nubila
873 2117 1011 2179 mairem

47 2198 218 2264 Gemmato
242 2203 370 2265 temone
395 2201 492 2265 sedet.
536 2202 602 2266 iam
625 2200 797 2284 Thybridis
821 2223 910 2268 arces

45 2288 180 2352 Iliacae:
203 2287 318 2371 pandit
340 2288 460 2354 nitidos
483 2289 597 2354 domus
616 2291 685 2355 alia
702 2295 846 2376 penates,
1061 2308 1112 2359 145

47 2373 206 2459 Olaraque
228 2377 406 2460 gaudentes
429 2378 619 2460 plauserunt
641 2379 755 2442 limina
778 2379 885 2464 cygni.

120 2676 178 2726 135.
210 2671 407 2728 Priscianus
424 2673 452 2756 Ii
469 2692 496 2744 p.
517 2680 550 2729 10
568 2675 603 2730 H.
632 2675 755 2730 ‘Statius
774 2690 883 2744 quoquc
901 2677 981 2732 huic
999 2676 1112 2732 uidetur

46 2741 197 2867 protulisse
214 2759 265 2812 per
282 2742 421 2798 diaeresin
438 2762 468 2798 m
485 2745 576 2818 primo
595 2746 728 2800 siluarum
748 2789 753 2801 .
774 2785 780 2799 .
800 2788 807 2800 .
828 2788 834 2801 .
857 2747 932 2802 idem
950 2748 980 2803 in
998 2749 1110 2804 eodem:

75 2812 224 2866 alsus-
242 2814 409 2869 aethrae'.

118 3099 169 3149 123
188 3096 346 3166 Angustum
364 3103 387 3150 Δ
405 3103 436 3151 0:
454 3098 613 3168 Augustum
633 3104 650 3154 ς
667 3098 822 3168 {spoliasse
843 3099 978 3155 Heinsius
994 3102 998 3170 Ι
1015 3101 1110 3156 deesse

46 3170 100 3216 ca
116 3166 126 3234 ΙΙ
145 3170 196 3219 127
218 3166 292 3222 Hinc
315 3172 332 3219 0
350 3186 368 3220 a
384 3170 394 3238 ΙΙ
414 3173 464 3222 128
483 3168 549 3223 hine
566 3169 623 3223 uda
641 3175 659 3221 0
676 3188 706 3238 a3
728 3169 799 3224 Inda
816 3170 896 3225 Dora.
915 3172 925 3240 ΙΙ
945 3177 994 3225 131
1014 3187 1111 3227 secura

48 3234 173 3303 daphnes
186 3235 216 3289 in
230 3237 272 3291 lii.
288 3242 314 3305 0,
333 3255 401 3293 coer.
414 3239 528 3305 Tollius,
545 3241 603 3294 aiei
615 3242 688 3308 quod
703 3239 734 3294 iu
752 3242 849 3296 maisit.
869 3241 995 3310 daphnes
1014 3257 1111 3297 secura

47 3305 77 3359 in
94 3304 136 3359 lie.
154 3323 172 3357 a
190 3308 201 3375 Η
224 3313 275 3362 13⁵
302 3309 402 3364 Falsus
422 3309 588 3366 Pisaeam
609 3316 632 3363 Δ
655 3317 685 3366 0:
708 3311 806 3366 Falsas
831 3317 849 3367 ς
872 3313 995 3382 lpinnas
1013 3314 1110 3381 optimi

49 3376 191 3430 Preciana·
217 3379 307 3435 codd:
333 3396 440 3449 pannas
465 3385 488 3432 Δ
518 3386 535 3432 c
560 3384 570 3452 ΙΙ
599 3388 649 3437 136
681 3382 760 3454 uero]
790 3381 846 3437 alio
875 3384 979 3440 Markl.
1007 3383 1107 3438 iterum

47 3447 227 3534 Bcerpeaaaas
