2534 3960
322 211 328 222 ·
435 197 768 265 sinuessanae.

62 340 186 424 Sperat
209 345 241 406 et
264 344 440 428 amplexus,
464 341 519 408 sad
543 363 698 427 aquarum
723 342 855 426 spiritus
880 345 968 407 arcet

59 428 136 494 Nec
159 430 283 513 patitur
298 435 421 498 'tactus
465 431 596 497 tandem
620 431 760 496 eluctata
784 431 844 495 sub
868 451 963 496 auras

58 517 219 583 Libratur
241 519 343 586 fundo
366 541 539 605 rursusque
563 519 665 584 enode
688 540 842 584 cacumen
903 528 907 544 '
936 559 940 566 -

58 605 242 692 Ingeniosa
263 608 360 690 leuat,
382 608 485 673 ueluti
508 607 680 673 descendat
702 608 737 672 in
759 609 842 672 imos

63 693 178 779 Stirpe
201 696 292 761 lacus
316 697 391 762 alia.
435 698 501 761 iam
523 717 582 760 nec
604 695 770 764 Phoebeia
792 695 874 761 Nais
1097 711 1132 761 60

60 782 145 847 Odit
167 787 200 848 et
222 786 367 849 exclusos
390 786 510 850 inuitat
532 785 663 871 gurgite
686 807 803 850 ramos.

60 870 157 936 Haec
179 873 241 937 tibi
263 895 366 957 parua
389 873 518 958 quidem
541 873 676 959 genitali
698 874 769 938 luce
792 895 943 957 paramus

59 959 171 1044 Dona,
195 961 250 1026 sed
272 962 398 1048 ingenti
420 962 532 1027 forsan
554 962 680 1026 uictura
704 962 763 1027 sub
788 983 877 1026 aeuo.

60 1047 125 1132 Tu,
149 1049 238 1114 cuius
261 1050 389 1134 placido
412 1071 548 1135 posuere
571 1051 605 1114 in
624 1054 753 1133 pectore
777 1050 885 1114 sedem

59 1135 212 1201 Blandus
234 1139 340 1204 honos
363 1139 539 1224 hilarisque
561 1141 672 1202 tamen
696 1160 768 1203 cum
791 1138 931 1223 pondere
955 1138 1070 1224 uirtus,
1099 1153 1132 1203 et

61 1222 128 1288 Oui
151 1247 210 1290 nec
233 1228 327 1312 pigra
350 1227 439 1312 quies
463 1248 522 1291 nec
544 1226 656 1310 iniqua
679 1228 906 1309 potentianae
929 1247 1003 1312 spes

60 1312 228 1399 Improba,
252 1315 307 1379 sed
330 1315 453 1380 medius
477 1337 535 1399 per
556 1315 696 1380 honesta
719 1319 752 1379 et
774 1315 879 1380 dulcia
901 1315 1003 1400 limes,

62 1401 260 1485 Incorrupte
283 1403 378 1467 fidem
400 1403 571 1488 nullosque
596 1407 725 1487 experte
748 1405 905 1468 tumultus

61 1488 112 1554 Et
136 1511 254 1573 secure,
277 1491 387 1574 palam
411 1492 497 1576 quod
520 1492 639 1577 digeris
663 1490 776 1556 ordine
797 1493 910 1575 uitam,

62 1577 159 1642 Idem
182 1579 253 1642 auri
275 1579 381 1644 facilis
405 1582 611 1664 contemptor
634 1583 666 1643 et
689 1580 830 1663 optimus
852 1579 938 1643 idem
1099 1593 1133 1644 70

63 1663 203 1731 Comere
226 1666 357 1732 diuitias
381 1669 561 1753 opibusque
584 1668 760 1732 immittere
783 1668 903 1732 lucem:

61 1753 137 1818 Hac
160 1756 294 1840 longum
317 1755 434 1820 florens
459 1757 560 1821 animi
582 1777 773 1842 morumque
796 1757 929 1822 iuuenta

62 1842 186 1908 Iliacos
211 1864 348 1927 aequare
372 1866 465 1909 senes
489 1848 521 1909 et
543 1845 671 1910 uincere
694 1848 813 1928 persta,

64 1930 155 2006 Quos
178 1936 271 2015 pater
295 1933 424 2016 elysius,
447 1933 596 2018 genetrix
619 1955 699 2017 quos
723 1932 841 1998 detulit
863 1954 980 1997 annos:

62 2017 139 2083 Hoc
162 2019 213 2084 illi
236 2020 333 2084 duras
356 2042 528 2086 exorauere
553 2042 688 2104 sorores,
1097 2036 1130 2086 75

61 2105 147 2191 Hoc,
170 2129 252 2193 quae
274 2111 307 2172 te
331 2109 390 2173 sub
412 2112 496 2174 teate
520 2110 620 2173 situm
641 2109 789 2194 fugitura
811 2112 972 2173 tacentem

63 2194 179 2259 Ardua
202 2197 403 2281 magnanimi
426 2197 596 2262 reuirescit
618 2197 723 2282 gloria
744 2196 862 2262 Blaesi.

552 2486 561 2511 ,
577 2442 635 2509 IV.

405 2563 604 2620 rauracus
622 2563 794 2620 uicenam.

62 2670 218 2755 Psittacc,
241 2671 306 2736 dux
328 2671 507 2757 uolucrum,
530 2673 652 2738 domini
675 2673 814 2738 facunda
836 2672 999 2758 uoluptas,

62 2758 240 2824 Humanae
263 2760 375 2825 sollers
398 2760 555 2845 imitator,
577 2763 726 2846 psittace,
748 2762 887 2846 linguae,

62 2846 147 2923 Quis
170 2850 229 2911 tna
250 2852 320 2912 tam
344 2849 451 2913 subito
475 2851 651 2933 praeclusit
673 2871 839 2914 murmura
861 2849 954 2916 fato?

60 2934 255 3020 Hesternas,
277 2936 468 3022 miserande,
491 2937 589 3021 dapes
613 2939 787 3002 moriturus
810 2938 900 3002 inisti

138 3238 290 3288 desecare
314 3233 435 3288 Markl:
464 3237 569 3289 secrete
592 3239 656 3287 At
685 3235 690 3302 Ι
719 3233 795 3304 quod
817 3237 841 3286 A
864 3239 894 3288 οε
918 3233 967 3302 qui
989 3233 1069 3290 Dcm.
1094 3253 1133 3291 ca

61 3309 141 3375 quo?
163 3305 175 3372 ΙΙ
197 3309 229 3358 m
259 3303 385 3360 Condere
413 3305 486 3371 edd.;
514 3305 645 3360 Promere
671 3305 855 3360 Romaanus
876 3307 886 3374 ΙΙ
910 3311 943 3359 74
965 3305 1052 3374 elysio
1070 3312 1088 3358 c
1106 3325 1131 3376 a,

61 3376 179 3431 corceat.
199 3375 287 3442 elysio
305 3375 386 3431 Dcm.
405 3375 415 3447 ll
434 3381 467 3430 77
485 3377 723 3442 renitescant,
742 3391 809 3430 corr.
830 3381 848 3430 ς
884 3375 971 3430 blessi
988 3379 1048 3428 Aa

136 3443 184 3499 IV.
205 3451 222 3498 4
241 3445 391 3500 Hesternas
411 3451 442 3500 3:
461 3447 597 3502 Externas
617 3452 635 3498 e
654 3465 670 3499 a
688 3446 833 3501 Extremas
889 3445 958 3502 erkl.
