2534 3948
318 961 362 1044 P.
390 960 634 1044 PAPINII
667 960 864 1044 amru

238 1117 940 1217 SILUARUM

431 1288 749 1355 traaaiv.

509 1490 669 1498 ..-

315 1607 468 1662 STATIUS
486 1605 685 1662 MARCELLO
705 1606 774 1662 SUO
794 1606 870 1662 SAL.
886 1594 889 1599 ¹

52 1717 177 1781 Inueni
207 1716 339 1802 librum,
374 1715 526 1783 Marcelle
559 1717 738 1800 carissime,
775 1737 871 1801 quem
903 1711 1018 1799 pietati
1049 1719 1124 1778 tuae
1153 1733 1167 1781 5

53 1805 247 1870 dedicarem.
291 1827 365 1871 reor
392 1806 540 1890 equidem
568 1805 662 1870 aliter
684 1827 782 1890 quam
814 1806 967 1870 inuocato
994 1804 1126 1868 numine

53 1894 191 1959 maximi
217 1894 423 1977 imperatoris
453 1895 579 1958 nullum
607 1896 798 1978 opusculum
829 1915 938 1959 meum
965 1893 1124 1976 coepisse3

54 1984 113 2047 sed
136 1982 190 2046 hic
213 1983 295 2046 liber
316 1986 383 2048 tres
406 1983 506 2047 habet
527 2004 668 2066 paeanas
682 1983 770 2047 illius
795 1985 890 2065 [quae
906 1983 946 2046 ad
968 1982 1125 2046 honorem

52 2079 149 2136 tuum
177 2070 340 2153 pertinet].
385 2071 490 2155 primo
520 2074 628 2135 autem
657 2071 830 2154 septimum
858 2070 1017 2134 decimum
1046 2068 1124 2132 Ger·

52 2159 178 2223 manici
208 2160 312 2224 nostri
345 2160 550 2226 consulatum
578 2160 723 2241 adoraui3
752 2158 891 2223 secundo
920 2157 1044 2242 gratias
1072 2157 1124 2240 egi
1136 2178 1168 2225 10

54 2247 286 2313 sacratissimis
310 2249 378 2312 eius
402 2248 506 2331 epulis
529 2248 722 2330 honoratum
746 2246 845 2312 tertio
862 2247 951 2311 uiam
964 2244 1124 2310 Domitia-

52 2358 134 2400 nam
166 2337 301 2401 miratus
334 2359 414 2420 sum,
447 2359 511 2421 qua
543 2336 770 2421 grauissimam
803 2357 972 2400 arenarum
1000 2354 1125 2398 moram

54 2425 186 2490 exemit.
232 2426 322 2496 cuius
355 2426 509 2490 beneficio
541 2429 578 2488 tu
610 2447 738 2509 quoque
770 2425 927 2488 maturius
954 2422 1125 2506 epistolam

55 2535 131 2578 eam
160 2514 311 2598 accipies,
338 2535 434 2598 quam
461 2514 523 2578 tibi
547 2513 582 2577 in
603 2513 666 2578 hcc
693 2514 777 2578 libro
805 2535 824 2576 a
846 2510 986 2594 Neapoli
1009 2510 1124 2598 scribo.

52 2603 238 2686 proximum
269 2605 318 2666 est
344 2604 482 2686 lyricum
511 2623 642 2696 carmen
674 2601 715 2666 ad
743 2599 934 2684 Septimium
962 2598 1125 2682 Seuerum,
1135 2618 1169 2666 15

53 2693 222 2775 iuuenem,
253 2693 302 2756 uti
335 2691 413 2775 scis,
449 2691 535 2754 inter
569 2689 795 2755 ornatissimos
830 2688 961 2754 secundi
993 2687 1125 2770 ordiniS,
1159 2691 1161 2695 ’

54 2905 272 2916 ...μη-

128 3048 146 3096 4
165 3043 285 3098 salutem
303 3044 326 3094 Δ
345 3047 362 3092 0
380 3044 389 3111 ΙΙ
408 3046 424 3094 8
442 3041 490 3096 hic
507 3040 580 3096 liber
600 3043 657 3095 tres
680 3040 767 3095 habet
789 3057 904 3109 sequam
927 3038 1003 3108 quod
1026 3039 1127 3107 quarta

55 3131 129 3183 quae
153 3114 189 3167 ad
207 3111 234 3168 h.
254 3115 274 3168 t.
293 3130 320 3181 p.
339 3111 378 3163 A*
402 3118 419 3163 0
441 3112 469 3166 h.
492 3111 511 3165 1.
535 3114 556 3168 t.
580 3113 674 3166 habet.
698 3111 824 3180 sequitur
847 3113 948 3179 quarta
972 3125 1044 3178 quaa
1063 3113 1124 3165 ectr.

56 3191 82 3240 ς.
122 3200 169 3254 epo
193 3185 225 3238 ia
249 3185 306 3238 loco
328 3183 493 3250 difficillimo
521 3184 554 3237 de
578 3184 734 3236 coniectura
757 3182 843 3237 datia
870 3181 970 3248 scripsi
991 3196 1125 3249 pascuas,
1147 3175 1150 3182 “

55 3273 89 3310 ec
109 3259 191 3322 certa,
210 3260 242 3310 at
254 3259 335 3324 pato,
353 3255 538 3308 emendatione
555 3253 632 3308 illius
650 3252 735 3322 (illi⁹)
750 3268 804 3320 pro
819 3254 922 3321 quarta
938 3251 1052 3320 (IIII⁸);
1071 3268 1126 3320 qua

56 3327 214 3395 corruptela
230 3330 338 3394 recepta
355 3325 441 3380 acrba
459 3339 532 3393 quac
551 3322 587 3378 ad
605 3324 740 3378 honorem
757 3325 838 3376 tuum
850 3321 974 3392 pertinet
986 3324 1031 3377 hic
1042 3324 1126 3390 plana

57 3398 264 3466 superfluitas.
288 3397 305 3451 1.
331 3402 364 3450 13
387 3400 438 3465 sq.)
461 3413 479 3450 a
501 3396 583 3449 sciolo
607 3395 724 3464 quodam
747 3395 854 3448 adiecta
876 3399 941 3448 caat
954 3395 963 3462 ΙΙ
979 3399 1010 3450 11
1035 3392 1125 3461 epulis

57 3474 75 3522 ς
82 3489 89 3520 .·
110 3467 237 3538 epistolis
256 3473 273 3518 0
291 3469 380 3536 a1114
398 3483 460 3520 eam
480 3466 600 3520 Merit:
618 3481 710 3519 meam
729 3469 746 3515 0
764 3480 782 3518 a
