2534 3960
129 220 175 284 40
494 214 526 275 P.
542 217 681 274 ΡΑΡΙΝἩ
700 217 820 274 STATII

132 364 297 442 Quaesisti
320 363 460 429 lasciuus
484 385 575 427 erum
597 363 752 448 tardeque
774 363 908 446 parasti.
953 373 956 378 '
1058 383 1061 391 ’
1180 379 1216 430 uo

132 453 217 518 Hine
240 452 369 536 domus,
391 452 466 516 hine
489 455 593 536 ortus,
616 451 800 536 dominique
821 451 996 534 penatibus
1020 452 1101 516 olim

132 541 240 626 Carus
260 543 395 626 uterque
417 561 535 624 parens
558 547 654 623 atque
677 540 712 603 in
733 543 794 604 tua
814 539 934 624 gaudia
955 539 1046 604 liber.
1147 599 1150 604 ,

131 628 182 694 Ne
206 650 375 714 quererere
398 647 514 714 genus,
537 631 666 712 raptum
688 631 722 692 te
744 627 893 711 protinus
916 628 1011 692 aluo·
1062 639 1068 646 '

132 716 271 782 Sustulit
292 717 440 782 exultans
464 737 501 781 eo
523 718 629 800 prima
652 714 759 780 lueida
780 735 860 781 uoee
922 735 924 742 ·
1000 747 1004 763 =

130 806 232 870 Astra
254 805 449 870 salutentem
472 805 624 870 dominus
646 804 709 869 sibi
731 807 839 868 mente
861 803 996 888 dieeuit3
1176 823 1212 872 80

131 895 371 978 Amplexusque
394 894 468 957 sinu
489 893 568 958 tulit
590 897 623 957 et
645 893 795 978 genuisse
818 893 995 976 putauit

131 981 195 1047 Fas
218 982 302 1047 mihi
324 985 508 1046 sanctorum
530 983 628 1046 uenia
649 981 770 1046 dixisse
793 983 995 1065 parentum

132 1069 259 1154 Tuque,
283 1091 354 1153 oro,
377 1067 516 1151 Natura,
540 1070 642 1151 sines,
666 1069 718 1133 eui
740 1069 834 1152 priua
856 1089 913 1152 per
936 1070 1048 1134 orbem

131 1158 208 1224 Iure
232 1159 349 1223 animis
374 1158 498 1222 sancire
508 1119 646 1221 daturni
669 1171 740 1221 non
760 1157 870 1222 omnis
892 1159 1026 1244 sanguis

131 1245 302 1312 Proximus
327 1249 384 1310 aut
406 1246 487 1310 serie
511 1246 636 1330 generis
660 1245 803 1310 demissa
825 1265 971 1331 propago
1153 1263 1207 1313 ·86

129 1335 270 1420 Alligat3
293 1334 434 1412 interius*
448 1353 535 1398 noua
558 1353 654 1418 saepe
678 1333 864 1418 adsuitaque
888 1337 1024 1418 serpunt

131 1422 273 1508 Pignore
296 1422 434 1488 conexis.
468 1425 578 1487 netes
583 1422 740 1523 genuisse
761 1441 892 1487 neeesse
915 1427 979 1507 est,

130 1510 281 1596 Elegisse
304 1512 405 1575 iuuet
436 1513 548 1575 tenero
572 1511 619 1574 sio
641 1510 781 1574 blundus
803 1510 924 1578 Achilli

132 1597 270 1666 Semifer
292 1597 510 1664 Haemonium
532 1595 685 1664 uinoebat
706 1597 803 1662 Peleu
825 1596 956 1682 Chiron.
1003 1629 1006 1638 v
1047 1623 1056 1634 ‘

131 1686 201 1752 Nee
224 1688 352 1773 genitor
374 1686 488 1751 Peleus
507 1690 634 1751 numm
648 1687 853 1751 comitatus?
838 1691 879 1750 ιιι
897 1699 992 1752 erma
1062 1697 1070 1706 ’
1173 1705 1208 1756 90

132 1775 259 1859 Troica,
283 1775 339 1840 sed
361 1795 435 1839 earo
459 1774 604 1840 Phoenix
625 1775 782 1842 haerebat
803 1776 943 1860 alumno.
1042 1811 1044 1816 ,

132 1861 278 1947 Optabat
299 1864 396 1947 longe
418 1863 541 1927 reditus
563 1861 723 1928 Pallantis
746 1864 874 1929 ouantis

131 1951 295 2035 Euander,
317 1951 400 2017 fidus
423 1971 549 2036 pugnes
572 1951 742 2036 spectabat
763 1950 934 2036 suess
1050 1977 1056 1986 ·

134 2037 280 2124 Cumque
303 2040 415 2123 prooul
438 2040 551 2104 nitidis
575 2041 704 2126 genitor
724 2043 867 2108 desseret
890 2039 932 2105 ab
955 2040 1068 2123 astris,

130 2127 341 2212 F'luetiuagus
358 2128 529 2193 'uolucrem
552 2129 702 2194 oomebet
722 2127 842 2194 Persea
863 2126 1011 2213 Βιιιγι.Ι
1172 2148 1207 2197 95
1250 2159 1251 2164 ¹

132 2216 216 2292 Quid
238 2216 377 2280 referem
400 2217 548 2282 altricum
571 2218 675 2281 uietes
697 2216 819 2300 pietate
841 2219 1015 2299 parentes?

132 2303 216 2380 Quid
238 2307 271 2368 te
293 2308 370 2388 post
391 2305 514 2370 eineres
539 2304 735 2388 deceptoque
758 2304 874 2370 ttinere
895 2307 1010 2371 matris

132 2393 246 2457 Tutius
269 2392 350 2458 Inoo
371 2396 556 2477 reptantem
578 2396 723 2477 pectore,
746 2391 895 2458 Bacche?

130 2481 202 2546 Iam
225 2502 339 2546 secure
360 2503 478 2565 parens
501 2480 617 2545 'l'useis
639 2481 800 2566 regnabat
821 2482 857 2545 in
879 2483 974 2547 undis

130 2569 207 2652 Ilia,
230 2572 414 2654 portantem
436 2570 582 2634 lassabat
603 2568 762 2634 Romulus
778 2569 915 2636 Aecum.
1151 2592 1206 2640 100

131 2657 208 2722 Uidi
231 2678 291 2742 ego
314 2661 494 2723 transertos
518 2657 624 2722 alieno
646 2658 682 2721 in
703 2657 820 2722 robore
842 2679 951 2724 remos
1072 2691 1088 2706 =·

130 2744 241 2810 Altius
264 2746 311 2810 ire
335 2747 412 2811 suis.
449 2749 482 2809 et
502 2749 536 2810 te
559 2747 625 2810 iem
647 2746 769 2811 feceret
790 2746 839 2810 illi

130 2833 224 2899 Mens
247 2835 439 2917 animusque
460 2837 601 2918 patrem,
623 2834 760 2906 neudum
783 2854 931 2900 moresne
953 2829 1106 2902 deeorue:

131 2923 180 2987 'Pu
202 2927 313 2987 tamen
335 2924 369 2987 et
389 2925 520 3010 munuae
544 2921 642 2987 etiam
664 2943 751 2987 nuno
774 2943 938 2988 murmure
960 2945 1056 2989 uoees
1249 2973 1250 3026 q

204 3190 237 3239 78
255 3186 368 3260 raptum
386 3183 435 3240 sed
454 3191 472 3237 0
490 3183 684 3254 sussprime
702 3189 720 3234 0
737 3200 763 3252 s,
782 3187 889 3240 currem
906 3188 916 3255 η
935 3191 969 3240 84
988 3185 1095 3240 metro
1114 3187 1202 3244 Heia
1249 3147 1250 3240 i

129 3258 201 3311 sias:
228 3271 327 3310 sanere
354 3260 377 3307 Δ
400 3261 420 3308 0
445 3255 552 3310 sociare
576 3254 657 3309 Dom.
681 3256 691 3323 ΙΙ
714 3258 748 3308 88
773 3255 897 3326 Elegisse
924 3256 1013 3310 M.
1039 3257 1078 3312 At
1096 3253 1159 3330 legi
1160 3277 1202 3315 sse

129 3327 210 3382 Dum
248 3331 283 3380 90
301 3326 413 3396 genitor
425 3327 543 3381 Marti.-
561 3325 654 3380 senior
667 3331 685 3377 0
698 3327 784 3394 ιηιιι
801 3327 916 3396 cleros,
930 3341 999 3383 oon.
1014 3329 1103 3396 enee
1118 3275 1200 3385 tolle-

134 3399 192 3452 bat
233 3395 303 3454 erkl.
317 3399 330 3468 ΙΙ
341 3397 505 3452 θ’ῖῇιιιιιίιιιι
515 3397 621 3452 Marti.
635 3398 645 3465 ΙΙ
659 3401 693 3450 99
707 3403 848 3464 perenne:
862 3370 951 3468 peinis
965 3404 1009 3451 de
1021 3400 1035 3468 fl
1046 3403 1098 3453 104
1112 3405 1205 3455 muter

135 3469 192 3537 (uel
209 3469 330 3539 innotus)
350 3469 435 3523 etium
453 3483 527 3521 nuno
545 3483 687 3521 murmure
705 3473 723 3518 0
741 3485 767 3534 ι,
792 3471 904 3526 correoee'
928 3471 1020 3524 motas
1039 3470 1126 3526 etiem
1144 3474 1204 3527 tum
