2534 3948
445 219 632 276 snuAaun
650 219 682 277 a.
701 221 735 292 v,
756 229 780 276 1.

69 361 130 426 Nil
153 366 277 447 cantus,
301 363 348 428 nil
370 363 426 427 fila
448 363 515 428 dcis
537 364 690 448 pallentis
713 365 839 430 Auerni

67 450 354 536 Eumenidumque
378 451 489 516 audita
511 452 619 518 choris
642 453 781 518 mulcere
804 454 965 522 ualerent:

68 539 198 604 Tantus
221 539 257 604 in
279 540 421 605 attonito
442 541 605 625 regnabat
627 545 756 625 pectore
779 542 899 608 luctus!

67 627 167 694 Nunc
191 627 290 692 etiam
314 627 355 693 ad
377 628 528 712 planctus
551 629 672 714 refugit
694 631 760 694 iam
782 632 882 714 plana
906 632 1047 719 cicatrix,
1106 653 1140 702 30

67 715 158 780 Dum
180 715 336 800 canimus,
359 717 576 802 grauibusquc
599 718 701 783 oculis
724 719 855 784 uxorius
878 721 981 786 instat

66 803 189 869 Imber.
225 804 389 870 habentne
412 806 485 889 pios
509 806 694 872 etiamnunc
716 807 842 873 lumina
862 809 980 874 fletus?

67 891 155 957 Mira
177 891 270 958 fides!
295 894 389 958 citius
412 894 560 980 genetrix
584 893 726 979 Sipyleia
748 895 850 960 fertur

66 979 268 1046 Exhausisse
292 1002 410 1067 genas,
433 982 527 1047 citius
551 981 727 1054 Tithonida
749 985 864 1049 maesti

67 1069 230 1134 Deficient
252 1091 342 1135 rores
367 1073 425 1135 aut
447 1070 604 1135 exsatiata
626 1071 756 1136 fatiscet

65 1157 175 1222 Mater
197 1157 354 1222 Achilleis
376 1158 498 1224 hiemes
522 1159 703 1245 affrangere
727 1161 840 1225 bustis.

65 1245 176 1310 Macte
200 1247 314 1310 animi!
350 1248 444 1311 notat
465 1248 530 1312 ista
553 1246 641 1332 deus,
665 1247 720 1332 qui
742 1249 844 1314 flectit
864 1249 1009 1317 habenas

67 1334 167 1399 Orbis
191 1337 223 1398 et
244 1334 403 1400 humanos
425 1335 560 1420 propior
581 1334 660 1401 Ioue
684 1335 802 1421 digerit
825 1341 916 1403 actus

65 1421 333 1508 Maerentemque
356 1423 469 1492 uidens
493 1423 631 1508 lectique
656 1445 774 1491 arcana
796 1425 909 1492 minist
929 1427 936 1442 ‘

64 1510 155 1576 Hinc
178 1511 286 1576 etiam.
300 1512 494 1578 documenta
517 1513 613 1596 capit,
636 1512 722 1597 quod
745 1513 853 1598 diligis
876 1517 1026 1582 umbram
1102 1535 1137 1585 40

63 1599 113 1664 Et
137 1600 216 1664 eolis
240 1600 401 1685 exequias.
437 1600 491 1666 hic
514 1604 564 1665 est
587 1600 788 1666 castissimus
813 1601 917 1682 ardor,

63 1687 131 1752 Hic
155 1709 246 1753 amor
269 1711 288 1753 a
311 1689 442 1754 domino
465 1689 600 1754 meritus
619 1687 754 1755 'censore
777 1690 917 1774 probari.

63 1775 136 1840 Nec
159 1777 286 1861 mirum,
309 1778 338 1841 si
359 1799 419 1843 uos
442 1779 561 1844 collato
584 1780 714 1861 pectore
737 1778 856 1844 mixtos

63 1865 179 1930 Iunxit
201 1865 376 1950 inabrupta
399 1863 580 1933 Concordia
602 1867 702 1951 longa
725 1870 848 1931 catena

60 1953 128 2018 Illa
157 1952 287 2038 quidem
310 1957 511 2040 nuptumque
534 1955 625 2039 prior
646 1954 823 2040 taedasque
847 1957 965 2022 marito
1100 1976 1134 2026 45

61 2042 168 2107 Passa
190 2042 264 2125 alie,
287 2042 343 2107 scd
366 2046 399 2107 te
422 2065 480 2109 ceu
501 2043 691 2128 uirginitate
714 2043 863 2128 iugatum

60 2129 251 2195 Uisceribus
273 2130 353 2196 totis
378 2132 546 2216 animaque
570 2131 719 2215 amplexa
741 2131 888 2216 fouebat,

62 2218 211 2294 Qualiter
234 2239 398 2304 aequaeuo
422 2221 578 2285 sociatam
601 2219 736 2303 palmite
758 2220 860 2284 uitem

60 2307 181 2372 Ulmus
205 2309 295 2372 amat
316 2308 493 2392 miscetque
515 2330 630 2372 nemus
654 2308 817 2393 ditemque
842 2312 993 2392 precatur

60 2397 269 2460 Autumnum
293 2398 326 2460 et
353 2396 435 2460 caris
459 2396 579 2481 gaudet
600 2397 752 2462 redimita
774 2399 920 2463 racemis.
1099 2417 1133 2468 50

60 2482 254 2549 Laudentur
276 2483 408 2568 proauis
432 2489 489 2549 aut
510 2484 664 2569 pulchrae
687 2507 821 2550 munere
843 2486 977 2570 formae,

62 2572 156 2648 Quae
179 2593 307 2640 morum
330 2594 459 2638 caruere
483 2573 587 2658 bonis,
609 2573 774 2658 falsaeque
797 2579 947 2659 potentes

60 2660 185 2725 Laudis
209 2663 307 2745 egent
328 2681 438 2725 uerae:
461 2661 523 2726 tibi
545 2683 741 2746 quamquam
764 2666 797 2727 et
820 2664 911 2748 origo
933 2665 1054 2730 niteret

58 2748 106 2813 Et
127 2749 206 2813 felix
230 2749 352 2833 species
376 2750 578 2835 multumque
602 2750 744 2833 optanda
766 2751 903 2837 maritis,

57 2837 112 2901 Ex
134 2839 168 2900 te
191 2837 295 2903 maior
316 2837 432 2923 honos,
453 2861 554 2904 unum
575 2839 706 2904 nouisse
729 2839 844 2924 cubile,
1097 2859 1131 2908 co

130 3121 164 3171 28
185 3115 277 3172 choris
295 3118 532 3189 Isiadcaabrooa'aa:
552 3117 639 3173 comis
659 3124 708 3170 Ga
720 3121 779 3244 qm
798 3119 959 3174 etiamnunc
979 3124 1011 3174 ςε
1031 3119 1129 3174 etiam

54 3187 215 3242 num‘haeo
229 3193 252 3241 Δ
264 3194 284 3240 0
297 3190 308 3259 ΙΙ
321 3195 354 3244 33
370 3188 500 3259 sipylleia
514 3195 537 3243 Δ
551 3190 575 3243 si
588 3189 670 3260 pelea
684 3195 701 3241 0

57 3263 94 3313 35
117 3259 256 3314 exsatiata
273 3264 297 3312 Δ
315 3265 345 3314 οε
365 3261 506 3316 exsiccata
525 3265 543 3315 ς
566 3262 576 3330 ΙΙ
598 3266 632 3314 39
650 3260 749 3314 uidens
766 3262 879 3329 scripsi.-
896 3261 977 3316 uidet
994 3267 1012 3313 0
1031 3263 1074 3332 ²ll
1096 3269 1132 3316 44

53 3328 157 3384 Uinxit
175 3329 309 3384 Hauaas
325 3335 378 3398 140
398 3335 573 3401 nuptumque
588 3336 619 3386 ςε
637 3332 820 3401 nuptuqueh
839 3336 856 3382 0
870 3333 880 3401 u
893 3337 927 3386 47
946 3331 1074 3402 animaq3
1093 3339 1129 3388 02

53 3398 209 3468 animoque
234 3405 251 3454 ς
266 3419 283 3452 a
305 3403 315 3470 l
341 3407 375 3455 51
390 3402 554 3457 Laudentur
567 3403 649 3458 Dom.
674 3403 678 3468 Ι
707 3401 806 3472 proaui
820 3419 870 3457 seu
884 3408 937 3472 ca,
951 3419 1020 3460 corr.
1040 3404 1128 3458 Heia·

51 3473 115 3527 aias
131 3470 245 3539 proauis
262 3473 291 3526 et
310 3473 471 3528 Politiaaus
484 3472 493 3545 t
513 3479 546 3528 52
565 3473 711 3542 falsaeque
729 3472 877 3529 Heinsius:
894 3474 1023 3544 falsoque
1043 3479 1060 3526 0
1079 3493 1096 3526 ι

741 3188 836 3258 ipylea
848 3191 953 3245 feretur
967 3191 1101 3246 Heinsius
1119 3191 1128 3263 t
