2534 3948
121 155 184 220 136
484 155 514 209 P.
533 153 673 209 PAPINlI
692 153 825 213 STATIL

118 299 214 366 Illum
238 321 352 366 omnes
376 303 497 364 aouunt
518 299 660 382 plausus,
682 298 775 362 illum
797 298 866 382 ipse
890 299 1058 365 uolantem
1161 318 1197 366 25

119 389 229 454 Puluis
253 392 286 452 et
308 389 462 454 incuruae
485 387 629 473 gaudent
651 407 826 472 agnoscere
849 391 970 452 metae:

120 477 237 562 Siata,
261 477 345 542 elare
367 497 456 560 puer,
480 476 626 560 genitum
649 475 711 540 sibi
734 475 825 540 ouria
848 477 958 561 sensit,

118 562 452 651 Primaque'patrieia
474 565 591 647 elausit
612 564 751 648 uestigia
773 570 859 630 luna.

119 654 196 720 Mox
219 654 337 738 Tyrios
361 676 400 719 ex
423 674 512 718 more
536 653 626 718 sinus
647 651 855 737 tunicamque
878 655 1047 736 potentem

119 745 293 828 Agnouere
316 742 450 807 humeri.
496 739 552 806 sed
575 740 660 806 enim
682 739 744 806 tibi
766 759 887 826 magna
908 742 1049 826 parabat

119 831 171 896 Ad
193 832 308 897 titulos
332 831 479 916 exempla
500 833 604 914 pater.
651 829 770 914 quippe
792 829 847 894 ille
869 830 1035 894 iuuentam

115 920 272 984 Protinus
295 918 481 1004 ingrediens
503 917 728 1002 pharetratum
749 917 873 983 inuasit
893 917 1026 984 Araxen

119 1007 262 1092 Belliger
284 1007 520 1092 indoeilemque
542 1007 612 1072 fero
637 1006 757 1070 seruire
779 1003 901 1076 Neroni

119 1096 317 1161 Armeniam.
362 1094 460 1180 rigidi
483 1117 642 1160 summam
665 1093 824 1159 Mauortis
848 1096 966 1179 agebat

121 1183 276 1266 Corbulo;
300 1183 356 1248 sed
379 1183 530 1247 comitem
553 1182 630 1247 belli
649 1183 835 1267 sociumque
858 1183 1007 1250 laborum

119 1272 180 1336 Ille
204 1293 331 1357 quoque
355 1270 494 1356 egregiis
517 1271 656 1336 multum
678 1271 815 1337 miratus
837 1271 873 1336 in
896 1273 993 1336 annis

120 1359 293 1445 Bolannm5
316 1362 412 1445 atque
435 1359 483 1424 illi
506 1380 655 1424 aurarum
678 1360 855 1444 asperrima
879 1364 989 1426 suetus

121 1447 256 1514 Credere
279 1449 457 1534 partirique
479 1451 594 1531 metus,
618 1448 703 1534 quod
725 1452 854 1533 tempus
872 1449 1013 1516 amioum

119 1535 310 1621 Fraudibus,
333 1541 442 1602 exerto
466 1557 625 1622 quaenam
648 1535 735 1601 bona
756 1539 904 1621 tempora
926 1537 1027 1622 bello,

121 1625 210 1702 Quae
233 1629 382 1710 suspecta
404 1624 484 1690 fides
508 1628 565 1690 aut
587 1645 669 1710 quae
688 1623 768 1710 fuga
788 1647 866 1690 uera
888 1625 1005 1692 ferocis

120 1714 277 1778 Armenii.
322 1712 467 1778 Bolanus
490 1714 552 1778 iter
573 1734 749 1798 praenosse
771 1713 959 1797 timendum,

120 1800 266 1865 Bolanus
289 1801 369 1865 tutis
392 1800 473 1885 iuga
492 1822 644 1884 quaerere
668 1801 837 1868 commoda
860 1802 985 1886 eastris,

119 1887 237 1953 Metari
260 1887 404 1953 Bolanus
428 1908 533 1976 agros,
557 1890 682 1974 aperire
703 1890 865 1974 malignas

120 1978 316 2042 Tomentum
338 1999 570 2062 nemorumque
592 2000 701 2044 moras
723 1981 914 2064 tantamque
936 1982 1070 2048 uerendi

121 2066 264 2131 Mentem
287 2065 422 2150 implere
446 2066 535 2132 ducis
558 2067 718 2152 iussisque
740 2067 925 2151 ingentibus
948 2091 1032 2133 nnus

120 2153 280 2220 Sufficere.
325 2155 397 2238 ipsa
415 2154 522 2220 uirum
544 2159 641 2220 norat
663 2155 730 2220 iam
752 2155 892 2222 barbara
914 2156 1020 2242 tellus,

118 2243 178 2308 Ille
202 2243 359 2308 secundus
384 2265 465 2327 apex
488 2243 645 2308 bellorum
669 2247 702 2307 et
723 2244 871 2328 proxima
893 2247 1002 2330 cassis.

120 2330 173 2396 sie
195 2330 343 2416 Phryges
368 2331 509 2416 attoniti,
532 2354 728 2416 quamquam
751 2329 914 2398 Nemeaea
937 2334 1086 2402 uiderent

118 2420 221 2484 Arma
244 2417 486 2506 Cleonaeusque
510 2420 595 2486 aeies
616 2419 798 2504 impelleret
822 2443 914 2488 arens

119 2507 290 2593 Pugnante
311 2507 435 2594 Alcide,
457 2510 569 2574 tamen
593 2512 624 2573 et
647 2508 826 2576 Telamona
848 2509 1015 2578 timebant.

119 2595 224 2680 Disoe,
247 2617 343 2680 puer3
362 2617 423 2661 neo
446 2597 532 2662 enim
556 2601 687 2662 externo
711 2598 871 2684 monitore
893 2601 1052 2682 petendus

119 2683 258 2748 Uirtutis
282 2684 343 2749 tibi
365 2685 499 2769 pulcher
522 2707 627 2751 amor:
651 2689 792 2771 cognata
810 2687 973 2752 ministret

119 2771 204 2837 Laus
228 2773 363 2838 animos.
409 2774 480 2838 aliis
504 2773 595 2838 Deoii
617 2774 812 2859 reducesque
837 2773 966 2840 Camilli

118 2860 355 2926 Monstrenturt
378 2865 415 2928 tu
439 2861 525 2928 disee
547 2866 683 2947 patrem,
706 2865 909 2950 quantusque
932 2865 1119 2949 nigrantem

190 3112 223 3161 27
247 3105 301 3162 sibi
323 3111 346 3159 Δ
369 3112 399 3161 cr
422 3104 452 3160 te
476 3109 493 3160 ς
521 3109 531 3176 ΙΙ
557 3113 592 3162 32
611 3121 714 3164 araxen
733 3113 763 3162 c:
787 3121 900 3163 araxem
920 3112 937 3163 ς
957 3126 974 3160 a
999 3109 1010 3178 fl
1036 3114 1071 3163 39
1090 3112 1188 3166 exerto

118 3175 393 3232 Liuimlusrexorto
411 3181 435 3229 Δ
453 3179 495 3248 cll
508 3182 542 3232 40
561 3181 691 3247 suspecta
711 3179 885 3234 Politiaaue:
907 3180 1037 3248 susespta
1055 3183 1078 3232 Δ
1096 3183 1187 3251 01143

118 3246 220 3303 Meteri
237 3249 394 3303 Auaatius:
412 3247 507 3303 Metiri
524 3253 547 3302 Δ
566 3250 655 3317 01144
674 3249 842 3304 Torrentem
856 3250 1004 3305 Heinsius:
1023 3249 1080 3305 Tot
1093 3265 1187 3306 reram

119 3323 136 3370 c
155 3337 172 3370 ι
191 3319 247 3373 Tot
263 3335 380 3388 ueprum
399 3318 479 3374 Dora.
499 3321 509 3388 ΙΙ
522 3325 557 3375 48
576 3335 674 3375 nemea
692 3319 730 3373 Δ*
749 3325 775 3389 0,
794 3333 864 3376 corr.
885 3326 918 3388 ‘53
937 3321 1064 3376 Lernaea
1080 3322 1187 3378 Marti.

120 3387 126 3460 Ι
145 3391 282 3459 pauerent
299 3389 434 3444 Heinsius
446 3391 457 3458 ΙΙ
470 3395 505 3444 64
523 3390 682 3460 nigrantem
700 3392 855 3446 Auentina:
874 3394 1024 3462 negantem
1044 3397 1062 3442 o
1081 3409 1098 3445 a
