2534 3948
244 252 276 308 P.
295 253 435 308 PAPINII
454 253 574 308 solun
593 253 781 310 SEUARUM
799 255 830 312 L.
849 255 898 324 ΙΠ,
918 262 941 309 1.
1084 255 1125 318 67

56 419 168 464 senem
195 402 333 484 patrem
373 395 515 464 Earinus
542 403 722 483 praeterea,
750 398 936 464 Germanici
962 401 1067 464 nostri
1089 401 1126 464 li-

57 489 187 572 bertus,
215 488 277 552 scit
299 487 453 572 quamdiu
476 487 670 553 desiderium
695 489 763 553 eius
786 491 931 553 moratus
955 489 1030 568 sim,
1053 509 1126 553 cum

55 576 198 660 petisset
224 580 262 641 ut
287 576 423 660 capillos
447 598 538 654 suos,
566 598 646 661 quos
670 598 743 641 cum
767 580 932 662 gemmata
952 539 1070 662 pyxide
1093 580 1127 641 et
1204 655 1213 666 .

55 665 192 748 speculo
221 664 262 729 ad
293 663 531 750 Pergamenum
561 665 750 749 Asclepium
782 665 946 748 mittebat,
977 665 1125 730 uersibus
1144 661 1179 712 25

54 752 248 818 dedicarem
280 774 407 818 summa
424 757 475 818 est
492 753 619 839 egloga,
642 775 706 838 qua
724 773 850 818 mecum
873 753 1019 818 secedere
1041 751 1126 818 Nea-

53 841 160 924 polim
183 838 353 906 Claudiam
374 862 482 906 meam
505 841 665 906 exhortor.
701 841 791 925 hic,
796 843 825 906 si
847 863 959 906 uerum
982 843 1127 926 dicimus,

54 950 164 993 sermo
192 931 256 1012 est3
287 929 436 1013 equidem
465 949 607 1013 securus,
634 932 673 993 ut
699 950 771 994 cum
793 953 892 996 uxore
915 934 949 996 et
977 931 1032 1016 qui
1054 951 1126 1015 per-

54 1016 191 1082 suadere
214 1017 310 1082 malit
333 1039 431 1102 quam
452 1018 589 1102 placere.
624 1017 699 1082 huic
721 1019 893 1104 praecipue
911 1018 1021 1084 libello
1040 1019 1126 1083 faue-

52 1106 124 1189 bis,
160 1126 233 1169 cum
267 1105 350 1170 scias
387 1105 472 1170 hanc
503 1105 655 1170 destinat
630 1109 753 1171 tionem
786 1108 903 1190 quietis
936 1128 1026 1172 meae
1063 1107 1124 1171 tibi
1144 1104 1179 1154 30

53 1192 196 1257 maxime
223 1193 390 1258 intendere
413 1209 528 1278 meque
555 1215 621 1258 non
650 1195 751 1258 tam
741 1216 776 1259 m
799 1196 939 1279 patriam
962 1217 1059 1280 quam
1083 1196 1123 1259 ad

52 1294 89 1344 te
113 1281 269 1346 secedere
301 1283 382 1347 nale.

484 1405 698 1416 -—--....-

575 1527 600 1592 I.

204 1663 396 1720 HERCULES
416 1665 675 1721 SURRENTINUS
693 1665 815 1722 POLLII
832 1661 978 1722 FELICIS.

49 1774 247 1840 Intermissa
268 1774 330 1838 tibi
352 1778 498 1859 renouat,
522 1774 703 1860 Tiqathie,
726 1796 818 1840 sacra

50 1863 179 1929 Pollius
203 1865 236 1927 et
259 1883 372 1928 causas
396 1862 545 1947 designat
567 1863 687 1928 desidis
710 1864 797 1947 anni,

51 1952 151 2028 Quod
175 1951 289 2015 coleris
313 1950 436 2015 maiore
459 1951 550 2017 tholo
573 1973 633 2016 nec
655 1952 752 2016 litora
774 1972 899 2036 pauper

50 2040 153 2105 Nuda
174 2043 266 2104 tenes
288 2042 472 2123 tectumque
495 2041 589 2125 uagis
612 2039 791 2105 habitabile
812 2039 932 2122 nautis,

50 2128 118 2194 Sed
141 2127 261 2193 nitidos
284 2130 394 2212 postes
418 2126 575 2212 Graisque
599 2127 711 2192 effulta
734 2127 874 2192 metallis

50 2216 216 2300 Culmina,
239 2236 295 2281 ceu
317 2215 422 2280 taedis
439 2216 563 2280 iterum
585 2217 740 2282 lustratus
763 2216 892 2280 honesti

48 2305 146 2392 Ignis
171 2304 211 2368 ab
235 2303 356 2368 Oetaea
378 2304 601 2369 conscenderis
625 2305 758 2370 aethera
780 2305 919 2372 flamma.

50 2393 122 2459 Uix
145 2393 246 2458 oculis
270 2393 442 2477 animoque
465 2392 554 2458 fides
589 2396 668 2458 tune
690 2394 746 2458 ille
768 2393 883 2458 reclusi

49 2481 192 2546 Liminis
215 2484 248 2544 et
269 2501 389 2564 paruae
412 2483 520 2546 custos
543 2482 701 2566 inglorius
725 2481 821 2546 arae?

49 2570 149 2636 Unde
172 2569 253 2634 haec
276 2568 351 2632 aula
372 2589 484 2634 recens
506 2569 678 2654 fulgorque
702 2569 853 2654 inopinus
876 2569 997 2654 agresti
1142 2584 1176 2634 10

48 2657 211 2723 Alcidae?
248 2660 325 2721 sunt
346 2656 415 2720 fata
437 2656 542 2741 deum,
565 2661 640 2724 sunt
662 2658 733 2722 fata
754 2659 911 2723 locorum!

50 2747 79 2812 Ο
104 2748 202 2811 uelox
226 2745 345 2829 pietasl
383 2745 508 2810 steriles
530 2746 584 2812 hic
605 2767 709 2830 nuper
730 2746 869 2811 harenas

49 2835 103 2900 Ac
128 2855 276 2918 sparsum
297 2833 413 2918 pelago
437 2835 558 2900 montis
580 2835 667 2899 latus
690 2835 839 2920 hirtaque
857 2834 962 2898 dumis

50 2924 139 2989 Saxa
161 2943 221 2987 nec
245 2922 311 2986 ulla
332 2922 403 3004 pati
425 2921 538 2991 faciles
560 2923 700 3008 uestigia
722 2928 825 2988 terras

50 3011 194 3079 Cernere
217 3013 294 3075 erat
332 3031 491 3094 quaenam
515 3011 621 3076 subito
644 3011 776 3076 fortuna
797 3012 939 3096 rigentes
1143 3025 1176 3076 15

48 3100 182 3165 Ditauit
204 3097 377 3181 scopulos?
413 3097 554 3182 Tyrione
576 3100 656 3164 haec
679 3099 805 3178 moenia
828 3100 952 3182 plectro

125 3295 159 3346 22
179 3289 290 3344 carinus
309 3294 344 3344 Δ·
362 3290 467 3345 ierinus
486 3292 575 3360 01103
595 3290 641 3345 dei
657 3295 719 3360 post
732 3288 892 3344 Germanioi
910 3290 1028 3346 insanit
1041 3293 1121 3348 Dom.

50 3363 59 3401 Ι
78 3367 114 3418 27
135 3359 192 3415 dici
210 3358 254 3414 uis
271 3361 432 3416 Bursionus

123 3433 144 3487 1.
166 3431 318 3486 9Liminis
336 3435 371 3486 A:
390 3431 516 3487 Luminis
531 3433 571 3501 011
586 3438 618 3486 13
633 3431 676 3486 Ad
696 3437 868 3502 sparsum0,
887 3435 1000 3490 correct.
1020 3433 1122 3502 Asper·

49 3523 114 3560 snm
133 3521 151 3555 a

868 3595 906 3645 6*
