2534 3960
142 191 187 256 54
507 191 537 244 Ρ.
557 189 696 243 ΡΑΡΙΝΙΙ
715 179 836 243 STATII
954 231 961 240 .

141 334 328 412 Nobiscum,
353 338 386 399 et
409 338 521 420 gratae
545 335 731 418 carpentem
752 354 889 398 munera
910 352 1042 396 mensae
1204 349 1218 397 5

142 423 380 508 Errantemque
399 423 481 488 toris
504 422 629 487 mediae
651 423 724 506 plus
747 426 893 504 tempore
915 420 1020 484 noctis

142 511 303 578 Uidimus,
349 511 465 577 affatus
489 511 590 576 etiam
612 511 831 594 meditataque
853 509 953 574 uerba

143 599 350 666 Reddideras.
396 604 430 664 at
452 620 537 664 nunc
561 603 694 665 aeterna
717 599 846 663 silentia
868 597 984 662 Lethes

142 687 203 753 Hle
226 709 362 754 canorus
385 689 496 753 habes.
541 689 633 752 cedat
655 687 873 752 Phaethontia
896 685 985 770 uulgi

142 776 279 842 Fabula:
302 798 370 843 non
394 777 456 842 soli
480 776 644 842 celebrant
667 798 726 840 sua
748 776 863 840 funera
886 773 990 860 cygni.
1185 792 1214 840 10

143 864 189 930 At
211 865 275 930 tibi
298 868 420 951 quanta
443 866 557 930 domus
580 864 681 929 rutila
702 863 863 930 testudine
886 863 1028 947 fulgens,

144 951 356 1039 Conexusque
381 954 471 1019 ebori
494 953 661 1039 uirgarum
685 956 858 1038 argenteus
881 950 968 1032 ordo,

143 1041 368 1128 Argutumque
391 1045 449 1107 tuo
473 1042 643 1106 stridentia
664 1041 779 1106 limina
802 1062 908 1124 cornu,

144 1131 190 1196 Et
213 1131 365 1216 querulae
388 1134 455 1195 tam
480 1131 567 1195 forte
589 1130 689 1194 fores!
713 1133 808 1194 uacat
830 1129 885 1193 ille
908 1128 1022 1192 beatus

144 1217 270 1303 Oareer,
293 1223 325 1282 et
349 1218 480 1304 angusti
507 1240 667 1302 nusquam
695 1217 841 1283 conuicia
862 1217 954 1282 tecti!
1186 1235 1214 1282 15

142 1306 215 1372 Huc
238 1307 352 1372 doctae
376 1308 538 1391 stipentur
561 1329 647 1390 aues,
669 1307 741 1391 quis
764 1305 873 1371 nobile
895 1304 986 1368 fandi

142 1394 198 1461 Ius
221 1399 339 1460 natura
362 1396 466 1460 dedit:
489 1396 626 1480 plangat
648 1394 830 1460 Phoebeius
854 1394 920 1458 ales

142 1482 344 1570 Auditasque
367 1505 492 1550 memor
512 1485 643 1568 penitus
667 1483 829 1548 dimittere
852 1502 947 1547 uoces
1041 1565 1045 1568 ι

144 1570 281 1638 Sturnos
305 1577 338 1637 et
359 1572 467 1639 Aonio
491 1594 604 1639 uersae
627 1572 802 1638 certamine
825 1573 925 1655 picae,

145 1659 270 1745 Quique
292 1662 392 1727 refert
415 1663 553 1747 iungens
577 1662 695 1726 iterata
717 1661 877 1726 uocabula
899 1658 1020 1744 perdix,
1183 1679 1213 1726 ao

143 1747 189 1812 Et
206 1771 288 1833 quae
311 1749 462 1814 Bistonio
486 1750 631 1835 queritur
654 1771 747 1814 soror
769 1750 849 1814 orba
872 1747 982 1814 cubili:

141 1835 239 1900 Ferte
263 1837 359 1901 simul
383 1838 522 1922 gemitus
546 1842 748 1923 cognataque
772 1838 877 1903 ducite
899 1836 1039 1901 flammis

143 1923 272 1989 Funera
295 1928 328 1990 et
343 1926 412 2006 hoo
436 1929 569 1991 cunctae
592 1927 810 1992 miserandum
833 1925 987 1993 addiscite
1011 1946 1161 1990 carmen:

144 2011 286 2078 ‘Occidit
308 2015 413 2078 aeriae
436 2015 646 2081 celeberrima
669 2016 773 2101 gloria
796 2016 902 2102 gentis

141 2099 314 2185 Psittacus,
337 2103 393 2167 ille
416 2103 532 2189 plagae
550 2104 662 2169 uiridis
686 2110 840 2190 regnator
858 2103 959 2184 ane3
1181 2122 1211 2170 aa

143 2188 245 2265 Quem
267 2213 334 2255 non
357 2195 522 2276 gemmata
543 2193 683 2258 uolucris
706 2193 845 2259 Iunonia
867 2192 968 2258 cauda

140 2277 295 2344 Uinoeret
318 2284 458 2363 aspectu,
482 2281 580 2366 gelidi
603 2304 671 2347 non
692 2282 841 2347 Phasidis
865 2283 942 2364 ales,

141 2363 210 2431 Neo
233 2389 313 2451 quas
337 2367 484 2432 humenti
506 2366 666 2435 Numidae
688 2393 823 2455 rapuere
847 2371 906 2435 sub
930 2371 1049 2434 austro.

141 2453 201 2519 ssle
225 2455 383 2521 salutator
405 2477 519 2542 regum
541 2478 721 2543 nomenque
744 2460 893 2524 locutus

141 2539 338 2609 Caesareum
360 2549 393 2610 et
416 2545 540 2629 queruli
564 2548 727 2632 quondam
751 2549 820 2613 uice
843 2548 973 2612 functus
997 2545 1107 2630 amici,
1180 2565 1213 2613 30

141 2629 237 2696 Nunc
261 2634 399 2698 conuiua
421 2635 502 2698 leuis
526 2639 771 2721 monstrataque
794 2636 926 2700 reddere
949 2634 1048 2700 uerba

141 2718 223 2783 Tam
245 2719 364 2785 facilis!
388 2744 451 2806 quo
474 2725 520 2806 tu,
543 2722 658 2788 Melior
680 2724 806 2808 dilecta,
828 2724 952 2790 recluso

140 2805 328 2892 Numquam
353 2810 438 2875 solus
463 2834 542 2877 eras.
588 2817 623 2876 at
646 2834 713 2877 non
736 2813 893 2898 inglorius
917 2810 1039 2878 umbris
1089 2857 1090 2860 ,
1192 2814 1197 2830 ¹

140 2894 296 2961 Mittitur:
320 2896 459 2982 Assyrio
483 2901 605 2965 eineres
631 2901 803 2967 adolentur
825 2923 953 2966 amomo

139 3091 353 3103 *—

212 3229 307 3284 tobis
330 3232 464 3289 Heiasiue
486 3236 496 3304 l
519 3240 551 3288 11
572 3234 635 3290 Stat
653 3235 771 3290 ruiduata
789 3235 887 3290 domus
906 3233 1039 3288 Heinsius
1061 3233 1071 3301 ΙΙ
1092 3237 1127 3286 14
1149 3235 1210 3287 tam

139 3297 211 3352 forte
229 3302 342 3370 scripsi:
364 3303 421 3359 iam
444 3307 542 3374 sponte
561 3311 578 3374 β
597 3324 614 3358 a
631 3308 691 3360 tam
714 3323 796 3376 saepe
815 3305 985 3360 Srlrraderca
1007 3305 1016 3372 ΙΙ
1040 3308 1072 3357 lt
1093 3319 1131 3357 au
1174 3303 1211 3358 sti

141 3370 216 3437 cau
232 3376 264 3426 18
283 3372 424 3430 dimittere
447 3381 478 3429 t:
502 3376 648 3450 demittere
666 3375 723 3502 aql
748 3383 779 3432 19
803 3375 895 3431 uictae
915 3375 1020 3431 Marti.
1042 3375 1052 3443 ΙΙ
1071 3379 1106 3428 31
1155 3392 1208 3429 unc

141 3441 207 3494 aa:
226 3440 306 3499 Hunc
325 3445 580 3514 01134111011111111
599 3451 616 3502 ς
636 3466 664 3502 a:
685 3464 702 3502 a
722 3447 857 3502 denturc
