2534 3960
357 875 403 957 P.
425 873 649 957 PAPINII
670 873 857 958 STATII

210 1019 957 1148 sinunnum

463 1237 748 1304 LIBERI.

534 1401 667 1410 ..η-*-

340 1519 494 1574 STATIUS
514 1519 678 1574 STELLAE
698 1518 766 1574 SUO
786 1518 862 1574 SAL.

70 1628 138 1694 Diu
170 1629 371 1711 multumque
404 1627 560 1710 dubitaui,
593 1627 694 1692 Stella
724 1627 852 1691 iuuenis
888 1627 1007 1710 optime
1041 1630 1074 1694 ot
1104 1628 1165 1692 int

72 1716 188 1782 studiis
211 1716 341 1799 nostris,
365 1737 428 1801 que
450 1719 542 1800 parte
566 1717 704 1799 coluisti,
728 1716 990 1800 eminentissime,
1013 1738 1056 1782 an
1077 1716 1139 1781 hos

39 1859 46 1885 .
69 1806 207 1888 libellos,
231 1805 287 1888 qui
309 1804 388 1869 mihi
412 1804 519 1870 subito
544 1805 649 1870 colore
673 1808 707 1869 et
723 1804 863 1888 quadam
886 1803 1061 1869 festinandi
1082 1827 1140 1869 uo·

70 1896 197 1978 lnptute
219 1892 393 1977 fluxerunt,
426 1915 499 1957 eum
527 1893 646 1978 singuli
675 1893 713 1957 de
749 1893 822 1957 sinn
849 1914 922 1959 meo
949 1893 1139 1977 prodierint,

72 1985 287 2068 congregatos
310 1981 379 2064 ipse
403 1981 607 2046 dimitterem.
643 1981 720 2066 quid
743 1982 830 2046 enim
848 1987 965 2064 oportet
981 2003 1030 2046 me
1047 1981 1139 2046 huius

71 2091 200 2156 qnoque
223 2070 414 2135 auctoritate
438 2070 588 2135 editionis
612 2071 748 2154 onerari,
772 2070 828 2154 qui
851 2069 955 2134 adhue
977 2092 1037 2154 pro
1057 2069 1184 2134 The-10

70 2159 166 2224 beido
189 2180 270 2242 mee,
294 2159 441 2242 quamuis
464 2179 516 2222 me
538 2158 711 2242 reliquerit,
733 2157 856 2224 timeo?
881 2158 936 2223 sed
951 2161 984 2223 et
997 2157 1141 2226 Oulioem
1249 2153 1263 2171 '

70 2247 210 2332 legimus
233 2250 267 2310 et
288 2245 690 2330 Batrachomyomeohiem
713 2248 811 2311 etiam
835 2247 1056 2332 agnoscimus3
1080 2268 1140 2312 neo

71 2336 245 2419 quisquam
267 2340 318 2400 est
339 2335 515 2399 illustrium
537 2338 706 2418 poetarum
730 2336 786 2421 qui
808 2356 876 2400 non
892 2335 1014 2420 aliquid
1037 2335 1140 2420 operi-
1197 2342 1204 2355 '

70 2424 133 2489 bus
162 2424 228 2487 suis
256 2423 331 2487 stilo
359 2423 541 2488 remissiore
568 2425 767 2508 praeluserit.
813 2423 911 2512 quid?
945 2423 1033 2508 quod
1059 2423 1140 2488 heeo

72 2533 179 2576 serum
204 2515 273 2576 erat
296 2511 469 2594 continere,
492 2533 565 2576 oum
588 2512 645 2576 illa
667 2533 727 2576 uos
750 2515 845 2595 certe,
868 2533 1006 2598 quornm
1023 2511 1141 2577 honori
1152 2523 1185 2573 15

73 2600 150 2664 dato
173 2603 257 2683 sunt,
280 2599 465 2664 haberetis?
497 2599 553 2665 sed
576 2601 661 2685 apud
685 2603 807 2666 eeteros
830 2621 962 2666 necesse
986 2603 1036 2666 est
1058 2601 1138 2666 mul·

70 2692 143 2752 tum
169 2688 234 2752 illis
262 2691 373 2771 pereat
404 2710 443 2752 ex
470 2687 579 2773 uenio,
611 2711 684 2754 eum
716 2690 883 2754 amiserint
910 2689 1007 2774 quem
1036 2691 1138 2754 solem

71 2776 257 2841 habuerunt
280 2777 418 2861 gratiam
441 2777 623 2843 celeritatis.
659 2778 785 2843 nullum
808 2779 894 2842 enim
910 2800 948 2843 ex
961 2777 1025 2843 illis
1039 2777 1138 2843 biduo

144 3079 161 3126 4
180 3073 286 3130 Statius
305 3074 386 3146 stelle
405 3091 454 3129 suo
473 3075 593 3132 salutem
611 3081 634 3128 Δ
653 3077 724 3145 ⁰l⁶
743 3075 961 3132 eminentissime
986 3091 1043 3144 quo
1060 3077 1140 3146 pente

70 3143 189 3199 noluisti
220 3150 263 3213 cs,
296 3146 403 3200 correus?
429 3147 439 3215 l
466 3151 481 3200 8
513 3146 669 3216 prodierint
694 3151 730 3201 A:
757 3163 812 3216 pro
828 3190 834 3202 .
853 3189 861 3203 .
883 3188 888 3201 .
910 3188 916 3202 .
936 3152 954 3198 c
971 3145 1140 3217 prodiissent

70 3215 206 3285 Domui
225 3215 294 3284 quid
311 3231 348 3270 no
439 3257 444 3270 .
465 3257 471 3270 .
491 3222 644 3286 quoquot
667 3217 736 3286 quid
755 3260 760 3272 .
781 3236 800 3272 n
819 3259 825 3272 .
846 3219 901 3287 (uel
919 3218 1005 3288 enim)
1024 3257 1138 3274 .....

70 3287 577 3428 intromittimur
587 3289 644 3412 n
661 3289 735 3427 {tl
746 3290 1140 3416 unriureins

70 3427 167 3509 quoad·
182 3399 307 3510 ndhuez?
327 3429 403 3495 quod
425 3429 506 3484 Dom.
526 3445 611 3498 quom
630 3429 735 3513 Morti.
758 3429 819 3501 ll1²
839 3448 878 3486 ou
896 3401 1111 3501 oignosoimis?
1129 3431 1140 3502 ΙΙ

72 3504 106 3551 14
125 3497 194 3568 sure]
220 3515 299 3554 semo
320 3498 425 3554 Marti.
442 3500 447 3571 l
463 3500 544 3570 haee]
564 3501 594 3554 et
611 3499 747 3556 Honorio
