2534 3960
153 221 197 286 52
525 221 555 276 P.
574 217 713 275 PAPINII
732 219 853 274 STATII

155 365 328 449 Depromit
351 366 505 449 pharetra
527 364 630 429 telum
652 364 759 447 breue,
783 365 869 449 quod
892 387 996 450 neque
1019 365 1116 433 flexis

153 452 313 519 Cornibus
337 456 393 518 aut
416 453 510 519 solito
534 455 663 538 torquet
686 452 836 531 stridore,
861 454 1005 520 seduna

152 541 272 607 Emisit
295 545 449 607 contenta
471 563 571 606 manu
594 541 787 625 laeuumque
811 562 961 625 soporem

153 629 277 696 Naidos
301 652 416 696 auersa
439 630 541 695 fertur
563 629 709 714 tetigisse
734 629 863 714 sagitta.
1207 653 1239 699 30

152 717 216 784 Illa
239 719 333 783 deam
356 719 477 803 pariter
500 738 635 804 surgens
657 717 849 802 hostemque
872 723 1062 802 proteruum

151 806 245 872 Uidit
268 811 300 872 et
322 808 357 872 in
379 808 512 890 fontem,
534 808 647 871 niueos
669 827 710 871 ne
728 807 884 890 panderet
907 811 1006 891 artus,

153 893 207 960 Sic
229 899 300 961 tota
323 919 396 961 oum
419 899 510 961 ueste
532 895 609 976 ruit,
633 895 822 980 stagnisque
846 896 905 960 sub
929 897 1005 962 altis

152 983 243 1049 Pana
267 985 358 1068 sequi
381 984 513 1060 eredens
537 984 604 1048 ima
625 983 712 1048 latus
735 983 871 1067 inplicet
894 985 978 1071 alga.

153 1069 237 1148 Quid
259 1073 381 1137 faceret
404 1073 512 1138 subito
536 1072 687 1155 deeeptus
710 1071 852 1156 praedo?
874 1094 933 1138 nee
956 1073 1033 1138 altis
1204 1093 1234 1142 35

153 1158 291 1225 Credere
314 1183 430 1244 eorpus
454 1161 545 1246 aquis
568 1160 674 1226 hirtae
697 1160 761 1225 sibi
784 1161 931 1226 oonseius
955 1161 1053 1226 audet

152 1248 251 1313 Pollis
275 1251 308 1314 et
331 1272 351 1313 a
372 1254 484 1314 tenero
507 1249 607 1314 naudi
629 1248 732 1313 rudis!
766 1249 875 1314 omnia
898 1254 1041 1334 questus,

150 1335 315 1402 Immitem
337 1336 458 1420 Brimo,
482 1340 599 1422 stagna
622 1337 734 1402 inuida
757 1341 790 1402 et
812 1338 924 1404 inuida
945 1338 1020 1421 tela,

152 1424 358 1490 Primaeuam
380 1426 453 1491 uisu
471 1425 649 1509 platanum,
672 1426 724 1491 oui
746 1425 846 1511 longa
868 1447 1013 1512 propago

151 1513 408 1600 Innumeraeque
431 1537 547 1580 manus
571 1517 604 1578 et
625 1514 730 1579 iturus
754 1514 789 1578 in
811 1515 944 1580 aethera
967 1517 1090 1598 uertex,
1202 1535 1233 1584 40

154 1602 315 1686 Deposuit
337 1603 428 1668 iuxta
452 1604 626 1688 uiuamque
649 1602 793 1688 adgessit
815 1603 970 1668 harenam

152 1690 345 1777 Optatisque
369 1692 515 1776 aspergit
537 1692 630 1776 aquis
654 1695 687 1757 et
709 1691 791 1756 talia
813 1692 961 1757 mandat:

152 1778 253 1845 ‘Uiue
276 1781 330 1844 diu
352 1780 458 1844 nostri
481 1779 600 1865 pignus
623 1780 807 1845 uenerabile
831 1780 910 1864 uoti,

152 1866 269 1951 Arbor,
292 1869 428 1934 ethaeo
451 1868 548 1933 durae
571 1869 734 1934 latebrosa
757 1868 876 1934 cubilia
897 1869 1064 1952 nymphae

150 1955 202 2020 Tu
226 1956 341 2022 saltam
365 1956 497 2022 declinis
521 1979 596 2022 ama
618 1963 648 2022 et
668 1978 778 2042 preme
801 1957 972 2022 frondibus
996 1958 1132 2024 undam.
1200 1975 1229 2024 45

150 2043 212 2108 Illa
236 2045 365 2130 quidem
388 2046 515 2128 meruit,
538 2046 667 2130 sedne,
689 2066 812 2130 preoor,
834 2045 909 2130 igne
933 2067 1073 2130 superno

151 2132 288 2198 Aestuet
311 2138 368 2199 aut
391 2133 462 2198 dira
484 2134 620 2200 feriatur
643 2135 814 2219 grandine;
837 2137 966 2199 tautum

151 2219 311 2307 Spargere
334 2226 371 2286 tu
392 2222 523 2287 laticem
542 2226 576 2288 et
597 2223 686 2288 foliis
710 2223 841 2287 turbare
864 2226 1037 2288 memento.

151 2309 242 2375 Tune
265 2331 327 2396 ego
350 2313 447 2395 teque
471 2311 525 2375 diu
547 2312 690 2377 reoolum
713 2311 941 2396 dominumque
964 2311 1133 2396 benignae

151 2395 242 2463 Sedis
266 2403 300 2464 et
322 2399 447 2464 inlaesa
468 2399 602 2482 tutabor
623 2403 794 2485 utramque
818 2403 957 2484 senecta,
1198 2420 1227 2468 oo

151 2485 199 2552 Ut
219 2486 319 2573 Iouis,
342 2491 378 2553 ut
401 2487 526 2554 Phoebi
548 2488 689 2573 frondes,
712 2493 749 2552 ut
772 2488 913 2554 discolor
935 2488 1050 2552 umbra

150 2573 295 2658 Populus
319 2578 353 2640 et
373 2579 505 2641 nostrae
529 2580 680 2660 stupeant
703 2580 761 2640 tua
784 2577 931 2661 germina
954 2575 1076 2661 pinua'

151 2660 205 2727 Sia
229 2664 283 2728 ait.
328 2664 385 2728 illa
408 2664 459 2729 dei
481 2667 608 2730 ueteres
631 2665 760 2730 imitata
783 2665 905 2730 calores

149 2749 313 2817 Uberibus
338 2753 462 2837 stagnis
486 2753 618 2838 obliquo
641 2753 782 2838 pendula
804 2757 919 2818 trunoo
1235 2819 1236 2851 ,

150 2837 289 2905 Inoubat
312 2843 408 2924 atque
432 2842 555 2907 umbris
579 2845 742 2908 serutatur
765 2842 950 2907 amantibus
974 2842 1088 2908 undas.
1194 2861 1235 2941 asp

221 3055 255 3105 29
278 3051 447 3120 laeuumque
475 3055 541 3106 ςιι
565 3051 684 3121 lausque
708 3057 725 3103 0
748 3053 757 3120 ΙΙ
780 3057 815 3105 30
833 3051 957 3106 Naiados
977 3057 994 3103 0
1013 3069 1029 3103 a
1051 3052 1062 3121 ΙΙ
1085 3058 1118 3106 31
1142 3055 1233 3119 deant

150 3120 246 3202 Dora:
269 3121 345 3175 diem
363 3128 417 3204 ce
439 3124 448 3191 ΙΙ
471 3129 504 3176 33
529 3122 608 3178 Siout
631 3123 692 3177 erat
715 3138 779 3204 oum
800 3123 891 3205 ueste.
905 3123 1009 3176 Morbi.
1034 3123 1044 3190 ΙΙ
1066 3128 1101 3176 38
1126 3125 1232 3209 Brimot

151 3189 450 3262 Scalaper:Brom1um
468 3198 485 3244 0
503 3195 591 3263 αιΙ43
611 3193 771 3248 uenerabile
791 3208 890 3261 scrupea
909 3194 926 3246 l.
945 3194 963 3247 l.
978 3210 1009 3262 p.
1024 3196 1097 3248 255:
1116 3213 1231 3252 memo<

149 3260 239 3316 rabile
259 3267 276 3313 0
294 3280 312 3315 a
329 3265 339 3331 ΙΙ
356 3267 390 3317 45
410 3263 527 3318 decliuis
546 3269 563 3315 0
581 3281 611 3332 a,
635 3280 703 3318 corr.
723 3263 945 3332 Laudeabropias
961 3265 965 3332 Ι
982 3265 1011 3318 et
1030 3263 1156 3320 Morka:
1174 3243 1231 3323 omd

151 3337 168 3383 0
186 3350 204 3385 a
217 3333 227 3402 ΙΙ
240 3338 274 3387 47
294 3333 355 3388 dira
365 3333 547 3390 Saluoderas:
565 3335 635 3388 dura
654 3340 670 3388 0
690 3336 776 3404 atb3
796 3335 821 3388 d.
840 3352 867 3388 u.
887 3333 999 3390 imitata
1011 3335 1069 3400 (ael
1082 3335 1110 3392 d.
1125 3337 1225 3397 iuuet.

151 3403 296 3529 quqfftqttqq
311 3404 435 3530 diiii:
458 3405 485 3460 d.
508 3423 534 3461 u.
559 3405 715 3460 animatae
734 3405 820 3474 abab
840 3406 979 3462 serutatur
997 3410 1027 3457 c:
1052 3410 1184 3464 seruatur
1204 3413 1222 3466 0
