2534 3960
116 262 135 298 χ
448 234 619 292 anlrorus
637 235 855 292 PRAEFATIO.

120 381 283 452 communi
310 381 417 465 fona,
447 381 482 446 iu
512 402 576 464 quo
599 382 666 445 iam
688 382 792 446 multa
813 382 896 446 false
919 382 1083 468 descripta
1110 406 1191 452 non·

117 474 270 557 nullaque
291 470 488 554 interpolata
517 472 636 534 essent.
680 473 848 554 praeterea
871 491 944 535 cum
966 470 1188 558 sangallensis

117 563 197 629 loeis
215 559 382 625 nonnullis
401 558 555 623 damnum
578 559 763 643 accepisset,
787 559 967 644 apographi
993 563 1100 626 scriba
1117 584 1188 629 non

117 651 217 716 nimis
240 651 383 714 attentus
406 646 470 712 fuit
490 647 609 712 litteris
627 647 773 712 euanidis
796 647 1011 734 dinoscendis,
1033 649 1189 716 Poliliani

119 743 226 806 autem
249 736 436 823 diligentiae
460 736 693 801 accuratiorem
715 736 754 802 de
781 736 827 800 eis
850 737 1001 802 notitiam
1024 739 1188 806 debemus.

118 834 152 894 et
182 828 217 892 in
245 825 297 892 his
325 845 451 911 quoque
478 825 602 889 lacunis
631 824 707 888 libri
732 825 854 890 nouicii
881 826 922 890 ad
949 848 1051 892 unum
1074 849 1187 894 omnes

119 918 315 1000 congruunt3
341 914 382 979 cf.
409 917 490 978 mus.
516 912 620 978 Ithen.
650 911 794 978 XXVIII
820 937 852 998 p.
874 913 942 979 250
964 937 1033 1001 sqq.
1058 951 1100 964 ·-
1123 916 1187 984 hoc

118 1008 226 1072 autem
254 1003 473 1088 sangallensis
500 1002 724 1088 apographum
756 1002 864 1086 ipsum
894 1003 982 1087 quod
1007 1025 1094 1070 nune
1120 1006 1186 1070 iam

117 1117 185 1160 non
202 1093 414 1177 possidemus,
433 1090 605 1156 admodum
624 1090 799 1155 dolendum
818 1095 879 1175 est3
898 1092 1031 1177 quodsi
1050 1094 1187 1181 adesset,

116 1183 222 1248 labori
250 1181 353 1246 multo
383 1179 590 1263 supersedere
619 1179 739 1244 liceret.
776 1200 854 1244 nam
882 1201 956 1245 oum
983 1183 1186 1249 nouiciorum

116 1273 274 1338 librorum
301 1269 377 1333 inde
399 1267 618 1352 proiectorum
645 1267 822 1334 nullus‘ea
849 1268 901 1333 cui
928 1271 1001 1334 tuto
1025 1271 1184 1336 confidere

116 1361 223 1446 possis
247 1356 414 1442 diligentia
435 1356 518 1420 illud
540 1356 655 1420 reddat
682 1377 818 1441 cumque
846 1377 959 1422 eorum
982 1358 1184 1443 singulorum

113 1449 268 1514 lectiones
295 1446 439 1510 incertae
468 1444 536 1509 sint
563 1445 764 1528 saepissime,
792 1448 868 1510 ante
896 1445 1006 1510 omnia
1032 1447 1108 1514 huie
1135 1451 1183 1514 rei

116 1536 224 1603 danda
250 1538 301 1600 est
327 1554 426 1619 opera
453 1536 490 1598 ut
517 1554 556 1598 ex
578 1532 793 1598 consentienti
822 1534 895 1617 plus
919 1535 1067 1600 minusue
1089 1539 1184 1603 noui-

116 1627 239 1692 eiorum
253 1623 413 1708 scriptura
426 1621 537 1687 eiectis
549 1621 784 1706 posterioribus
798 1620 955 1687 Italorum
970 1626 1003 1688 et
1021 1625 1183 1691 amoribus

115 1719 149 1778 et
170 1711 360 1780 eommentis
383 1731 422 1776 ea
445 1731 526 1795 quae
550 1709 774 1795 apographum
791 1711 949 1795 praebuit,
971 1712 1184 1797 inquantum

114 1803 184 1867 fieri
201 1801 286 1884 hcet,
308 1799 530 1864 restituantur.
565 1799 681 1883 quibus
699 1799 858 1864 restitutis
877 1821 950 1865 oum
969 1801 1087 1866 ueteris
1102 1801 1183 1866 San-

115 1890 272 1977 gallensis
302 1889 410 1973 imago
444 1891 476 1954 et
502 1888 574 1972 ipsa
600 1887 777 1971 deprauata
799 1887 917 1952 euadat
939 1909 1074 1974 cumque
1096 1889 1183 1955 Poli·
1264 1897 1265 1910 ¹

114 1980 197 2045 tiani
225 1977 364 2043 conlatio
392 1996 460 2040 non
488 1977 595 2041 minus
622 1997 738 2042 manca
761 1975 813 2061 sit,
835 1976 928 2042 uides
951 1999 1049 2062 quam
1066 2000 1182 2062 parum

115 2071 187 2134 tuto
210 2065 422 2132 fundamento
445 2065 602 2130 siluarum
624 2064 768 2130 recensio
791 2065 959 2130 innitatrr.

203 2153 451 2221 Postulantibus
479 2157 589 2218 autem
612 2153 764 2218 editionis
787 2157 919 2219 nostrae
941 2153 1122 2221 rationibus
1145 2161 1184 2222 ut

114 2267 211 2330 quam
229 2242 419 2308 breuissime
438 2244 471 2305 et
490 2242 619 2308 omissis
637 2239 820 2325 minutiis*)
838 2242 987 2307 lectionis
1000 2243 1182 2329 antiquitus

113 2334 252 2398 traditae
278 2329 397 2396 notitia
418 2330 564 2409 daretur,
591 2332 679 2395 uiam
706 2330 803 2396 modo
826 2330 1044 2414 significatam
1066 2332 1126 2398 inii
1149 2336 1183 2398 et

114 2421 251 2487 abiectis
283 2418 419 2504 singulis
447 2419 541 2484 libris
571 2419 798 2504 apographum
831 2418 913 2488 illud
949 2421 1181 2486 reconcinnare

112 2510 233 2593 studui,
256 2529 329 2574 eum
350 2509 542 2592 praesertim
564 2508 728 2592 integrum
752 2510 944 2592 apparatum
967 2508 1114 2574 onasum
1139 2511 1182 2576 ab

113 2621 152 2665 eo
172 2597 317 2663 exhiberi
335 2618 394 2680 par
413 2599 507 2680 esset,
526 2595 581 2680 qui
600 2594 782 2680 colligendo
800 2595 850 2660 illi
867 2595 925 2679 per
943 2596 1064 2670 multos
1078 2619 1181 2663 annos

112 2708 247 2772 operam
270 2685 477 2771 studiumque
500 2683 665 2768 impendit.
700 2684 811 2768 itaque
828 2682 1002 2749 Imhofium
1020 2708 1097 2752 mox
1114 2687 1182 2771 ple·

112 2797 191 2841 nam
214 2773 443 2859 supellectilem
467 2772 565 2838 Statii
586 2772 741 2838 studiosis
763 2772 959 2837 traditurum
982 2793 1051 2838 esse
1075 2795 1183 2858 spera·

113 2885 201 2947 mus3
229 2885 291 2927 nos
318 2861 450 2927 interim
478 2857 641 2927 succincta
671 2863 785 2926 nostra
809 2861 1021 2927 adnotatione
1045 2862 1086 2926 ad
1107 2885 1181 2946 pro-

113 2951 275 3018 mouenda
296 2949 376 3016 haee
399 2948 507 3016 studia
529 2950 653 3034 aliquid
676 2950 821 3016 conferre
843 2950 941 3015 nobis
962 2950 1118 3016 uidemur.

202 3040 248 3105 Et
268 3038 350 3104 haec
373 3038 503 3124 quidem
526 3038 565 3103 de
583 3035 797 3124 Sangallensi.
832 3059 932 3102 unum
951 3043 1059 3104 autem
1084 3041 1182 3104 silua-

112 3150 185 3195 rum
212 3148 342 3194 earmen
368 3127 508 3211 reperire
539 3127 635 3192 nobis
663 3126 803 3211 contigit
832 3126 868 3191 in
898 3126 1007 3192 codice
1036 3127 1180 3213 antiquo.

113 3239 187 3282 cum
224 3216 310 3282 euim
343 3215 526 3281 Politianus
556 3215 598 3281 ad
627 3215 660 3280 Π
692 3217 710 3280 7
741 3215 945 3280 adnotasset:
980 3215 1098 3281 Iasoni
1126 3216 1183 3282 toa
1264 3293 1265 3322 1

201 3424 226 3496 *)
249 3424 314 3480 hino
336 3439 399 3481 raro
423 3425 460 3481 ad
482 3426 562 3482 ortho
598 3425 699 3495 aphica
721 3423 965 3481 commemoranda
983 3424 1127 3492 descendi3
1151 3423 1182 3479 in

111 3497 213 3567 quibus
230 3497 289 3552 fere
306 3495 410 3566 ubique
429 3495 552 3568 optImos
582 3497 657 3552 'bros
675 3496 762 3554 tacite
781 3511 843 3550 sum
861 3495 982 3551 secutus.
1042 3538 1045 3544 .
