<?xml version="1.0" encoding="UTF-8"?>
<!DOCTYPE html PUBLIC "-//W3C//DTD XHTML 1.0 Transitional//EN"
    "http://www.w3.org/TR/xhtml1/DTD/xhtml1-transitional.dtd">
<html xmlns="http://www.w3.org/1999/xhtml" xml:lang="en" lang="en">
 <head>
  <title>
</title>
<meta http-equiv="Content-Type" content="text/html;charset=utf-8" />
  <meta name='ocr-system' content='tesseract 3.04.00' />
  <meta name='ocr-capabilities' content='ocr_page ocr_carea ocr_par ocr_line ocrx_word'/>
</head>
<body>
  <div class='ocr_page' id='page_1' title='image "./silvae00baehgoog_0059.png"; bbox 0 0 2534 3960; ppageno 0'>
   <div class='ocr_carea' id='block_1_1' title="bbox 502 219 829 278">
    <p class='ocr_par' dir='ltr' id='par_1_1' title="bbox 502 219 829 278">
     <span class='ocr_line' id='line_1_1' title="bbox 502 219 829 278; baseline -0.006 -1"><span class='ocrx_word' id='word_1_1' title='bbox 502 223 532 278; x_wconf 88' lang='lat' dir='ltr'><strong>P.</strong></span> <span class='ocrx_word' id='word_1_2' title='bbox 552 219 690 276; x_wconf 85' lang='lat' dir='ltr'>PAPINII</span> <span class='ocrx_word' id='word_1_3' title='bbox 708 219 829 276; x_wconf 73' lang='lat' dir='ltr'><strong>suurn</strong></span> 
     </span>
    </p>
   </div>
   <div class='ocr_carea' id='block_1_2' title="bbox 293 365 1209 3188">
    <p class='ocr_par' dir='ltr' id='par_1_2' title="bbox 296 365 984 608">
     <span class='ocr_line' id='line_1_2' title="bbox 297 365 931 452; baseline -0.006 -20"><span class='ocrx_word' id='word_1_4' title='bbox 297 366 346 433; x_wconf 88' lang='lat' dir='ltr'><strong>Ut</strong></span> <span class='ocrx_word' id='word_1_5' title='bbox 366 387 492 452; x_wconf 86' lang='lat' dir='ltr'><strong>pugnas</strong></span> <span class='ocrx_word' id='word_1_6' title='bbox 516 365 603 450; x_wconf 81' lang='lat' dir='ltr'><strong>sapit</strong></span> <span class='ocrx_word' id='word_1_7' title='bbox 625 366 781 450; x_wconf 80' lang='lat' dir='ltr'><strong>inprobus</strong></span> <span class='ocrx_word' id='word_1_8' title='bbox 805 365 931 429; x_wconf 69' lang='lat' dir='ltr'><strong>uirilm!</strong></span> 
     </span>
     <span class='ocr_line' id='line_1_3' title="bbox 298 451 984 539; baseline -0.009 -17"><span class='ocrx_word' id='word_1_9' title='bbox 298 454 417 522; x_wconf 79' lang='lat' dir='ltr'><strong>Credas</strong></span> <span class='ocrx_word' id='word_1_10' title='bbox 440 455 480 518; x_wconf 90' lang='lat' dir='ltr'><strong>ad</strong></span> <span class='ocrx_word' id='word_1_11' title='bbox 503 453 641 520; x_wconf 77' lang='lat' dir='ltr'><strong>Tanaim</strong></span> <span class='ocrx_word' id='word_1_12' title='bbox 663 454 830 539; x_wconf 79' lang='lat' dir='ltr'><strong>ferumque</strong></span> <span class='ocrx_word' id='word_1_13' title='bbox 851 451 984 518; x_wconf 87' lang='lat' dir='ltr'><strong>Phasim</strong></span> 
     </span>
     <span class='ocr_line' id='line_1_4' title="bbox 296 543 886 608; baseline -0.003 0"><span class='ocrx_word' id='word_1_14' title='bbox 296 543 603 608; x_wconf 81' lang='lat' dir='ltr'><strong>Thermodontiaeas</strong></span> <span class='ocrx_word' id='word_1_15' title='bbox 626 543 730 607; x_wconf 82' lang='lat' dir='ltr'><strong>calere</strong></span> <span class='ocrx_word' id='word_1_16' title='bbox 752 546 886 606; x_wconf 89' lang='lat' dir='ltr'><strong>turmas.</strong></span> 
     </span>
    </p>

    <p class='ocr_par' dir='ltr' id='par_1_3' title="bbox 296 629 936 713">
     <span class='ocr_line' id='line_1_5' title="bbox 296 629 936 713; baseline -0.009 -15"><span class='ocrx_word' id='word_1_17' title='bbox 296 631 359 698; x_wconf 84' lang='lat' dir='ltr'><strong>Hie</strong></span> <span class='ocrx_word' id='word_1_18' title='bbox 382 631 488 696; x_wconf 88' lang='lat' dir='ltr'><strong>audax</strong></span> <span class='ocrx_word' id='word_1_19' title='bbox 509 631 600 696; x_wconf 88' lang='lat' dir='ltr'><strong>subit</strong></span> <span class='ocrx_word' id='word_1_20' title='bbox 623 631 702 695; x_wconf 82' lang='lat' dir='ltr'><strong>ordo</strong></span> <span class='ocrx_word' id='word_1_21' title='bbox 724 629 936 713; x_wconf 81' lang='lat' dir='ltr'><strong>pumilorum,</strong></span> 
     </span>
    </p>

    <p class='ocr_par' dir='ltr' id='par_1_4' title="bbox 295 718 975 979">
     <span class='ocr_line' id='line_1_6' title="bbox 296 718 947 802; baseline -0.006 -17"><span class='ocrx_word' id='word_1_22' title='bbox 296 719 384 796; x_wconf 80' lang='lat' dir='ltr'><strong>Quos</strong></span> <span class='ocrx_word' id='word_1_23' title='bbox 407 723 526 784; x_wconf 84' lang='lat' dir='ltr'><strong>natura</strong></span> <span class='ocrx_word' id='word_1_24' title='bbox 548 720 657 785; x_wconf 87' lang='lat' dir='ltr'><strong>breuis</strong></span> <span class='ocrx_word' id='word_1_25' title='bbox 682 718 793 783; x_wconf 77' lang='lat' dir='ltr'><strong>stofim</strong></span> <span class='ocrx_word' id='word_1_26' title='bbox 815 720 947 802; x_wconf 82' lang='lat' dir='ltr'><strong>peraeta</strong></span> 
     </span>
     <span class='ocr_line' id='line_1_7' title="bbox 295 806 947 892; baseline -0.009 -18"><span class='ocrx_word' id='word_1_27' title='bbox 295 807 465 874; x_wconf 87' lang='lat' dir='ltr'><strong>Nodosum</strong></span> <span class='ocrx_word' id='word_1_28' title='bbox 488 808 588 872; x_wconf 88' lang='lat' dir='ltr'><strong>semel</strong></span> <span class='ocrx_word' id='word_1_29' title='bbox 610 808 645 871; x_wconf 90' lang='lat' dir='ltr'><strong>iu</strong></span> <span class='ocrx_word' id='word_1_30' title='bbox 668 807 800 892; x_wconf 79' lang='lat' dir='ltr'>globum</span> <span class='ocrx_word' id='word_1_31' title='bbox 822 806 947 891; x_wconf 87' lang='lat' dir='ltr'><strong>ligauit.</strong></span> 
     </span>
     <span class='ocr_line' id='line_1_8' title="bbox 295 895 975 979; baseline -0.006 -18"><span class='ocrx_word' id='word_1_32' title='bbox 295 896 408 962; x_wconf 80' lang='lat' dir='ltr'><strong>Edunt</strong></span> <span class='ocrx_word' id='word_1_33' title='bbox 430 914 564 960; x_wconf 85' lang='lat' dir='ltr'><strong>munera</strong></span> <span class='ocrx_word' id='word_1_34' title='bbox 587 899 822 979; x_wconf 69' lang='lat' dir='ltr'><strong>conseruntque</strong></span> <span class='ocrx_word' id='word_1_35' title='bbox 846 895 975 958; x_wconf 81' lang='lat' dir='ltr'><strong>dextras</strong></span> 
     </span>
    </p>

    <p class='ocr_par' dir='ltr' id='par_1_5' title="bbox 295 979 1039 1332">
     <span class='ocr_line' id='line_1_9' title="bbox 295 979 1039 1070; baseline -0.003 -20"><span class='ocrx_word' id='word_1_36' title='bbox 295 984 341 1049; x_wconf 82' lang='lat' dir='ltr'><strong>Et</strong></span> <span class='ocrx_word' id='word_1_37' title='bbox 363 988 501 1050; x_wconf 85' lang='lat' dir='ltr'><strong>mortem</strong></span> <span class='ocrx_word' id='word_1_38' title='bbox 524 985 587 1050; x_wconf 85' lang='lat' dir='ltr'><strong>sibl</strong></span> <span class='ocrx_word' id='word_1_39' title='bbox 611 982 691 1070; x_wconf 84' lang='lat' dir='ltr'><strong>(qus</strong></span> <span class='ocrx_word' id='word_1_40' title='bbox 713 979 841 1068; x_wconf 82' lang='lat' dir='ltr'><strong>manui)</strong></span> <span class='ocrx_word' id='word_1_41' title='bbox 863 983 1039 1048; x_wconf 78' lang='lat' dir='ltr'><strong>minentur.</strong></span> 
     </span>
     <span class='ocr_line' id='line_1_10' title="bbox 296 1069 1007 1160; baseline -0.006 -22"><span class='ocrx_word' id='word_1_42' title='bbox 296 1071 505 1160; x_wconf 81' lang='lat' dir='ltr'><strong>RidetMars</strong></span> <span class='ocrx_word' id='word_1_43' title='bbox 527 1076 620 1156; x_wconf 89' lang='lat' dir='ltr'><strong>pater</strong></span> <span class='ocrx_word' id='word_1_44' title='bbox 643 1077 677 1136; x_wconf 87' lang='lat' dir='ltr'><strong>et</strong></span> <span class='ocrx_word' id='word_1_45' title='bbox 699 1074 835 1137; x_wconf 84' lang='lat' dir='ltr'><strong>eruenta</strong></span> <span class='ocrx_word' id='word_1_46' title='bbox 857 1069 985 1154; x_wconf 82' lang='lat' dir='ltr'><strong>Uirtus,</strong></span> <span class='ocrx_word' id='word_1_47' title='bbox 1004 1147 1007 1152; x_wconf 68' lang='lat'><em>,</em></span> 
     </span>
     <span class='ocr_line' id='line_1_11' title="bbox 298 1159 886 1245; baseline -0.003 -19"><span class='ocrx_word' id='word_1_48' title='bbox 298 1160 502 1244; x_wconf 77' lang='lat' dir='ltr'><strong>Casuraeque</strong></span> <span class='ocrx_word' id='word_1_49' title='bbox 526 1161 620 1245; x_wconf 87' lang='lat' dir='ltr'><strong>uagis</strong></span> <span class='ocrx_word' id='word_1_50' title='bbox 644 1177 741 1244; x_wconf 81' lang='lat' dir='ltr'>grues</span> <span class='ocrx_word' id='word_1_51' title='bbox 763 1159 886 1243; x_wconf 80' lang='lat' dir='ltr'><strong>rapinis</strong></span> 
     </span>
     <span class='ocr_line' id='line_1_12' title="bbox 296 1248 822 1332; baseline -0.004 -18"><span class='ocrx_word' id='word_1_52' title='bbox 296 1248 467 1314; x_wconf 81' lang='lat' dir='ltr'><strong>Mirantur</strong></span> <span class='ocrx_word' id='word_1_53' title='bbox 479 1249 618 1332; x_wconf 83' lang='lat' dir='ltr'><strong>pumilos</strong></span> <span class='ocrx_word' id='word_1_54' title='bbox 640 1249 822 1314; x_wconf 76' lang='lat' dir='ltr'><strong>ferociores.</strong></span> 
     </span>
    </p>

    <p class='ocr_par' dir='ltr' id='par_1_6' title="bbox 295 1336 974 1597">
     <span class='ocr_line' id='line_1_13' title="bbox 296 1336 956 1422; baseline -0.003 -20"><span class='ocrx_word' id='word_1_55' title='bbox 296 1336 367 1402; x_wconf 88' lang='lat' dir='ltr'><strong>Iam</strong></span> <span class='ocrx_word' id='word_1_56' title='bbox 389 1337 494 1402; x_wconf 83' lang='lat' dir='ltr'><strong>noetis</strong></span> <span class='ocrx_word' id='word_1_57' title='bbox 517 1337 724 1422; x_wconf 69' lang='lat' dir='ltr'><strong>propioribus</strong></span> <span class='ocrx_word' id='word_1_58' title='bbox 748 1337 808 1401; x_wconf 91' lang='lat' dir='ltr'><strong>sub</strong></span> <span class='ocrx_word' id='word_1_59' title='bbox 832 1336 956 1401; x_wconf 86' lang='lat' dir='ltr'><strong>umbris</strong></span> 
     </span>
     <span class='ocr_line' id='line_1_14' title="bbox 295 1424 974 1510; baseline -0.003 -20"><span class='ocrx_word' id='word_1_60' title='bbox 295 1424 397 1490; x_wconf 90' lang='lat' dir='ltr'><strong>Diues</strong></span> <span class='ocrx_word' id='word_1_61' title='bbox 419 1426 544 1509; x_wconf 78' lang='lat' dir='ltr'><strong>sparsio</strong></span> <span class='ocrx_word' id='word_1_62' title='bbox 567 1445 650 1510; x_wconf 87' lang='lat' dir='ltr'><strong>quos</strong></span> <span class='ocrx_word' id='word_1_63' title='bbox 674 1425 745 1510; x_wconf 88' lang='lat' dir='ltr'><strong>agit</strong></span> <span class='ocrx_word' id='word_1_64' title='bbox 766 1425 938 1489; x_wconf 85' lang='lat' dir='ltr'><strong>tumultus!</strong></span> <span class='ocrx_word' id='word_1_65' title='bbox 970 1465 974 1468; x_wconf 97' lang='lat'>-</span> 
     </span>
     <span class='ocr_line' id='line_1_15' title="bbox 295 1511 902 1597; baseline -0.005 -18"><span class='ocrx_word' id='word_1_66' title='bbox 295 1511 369 1579; x_wconf 89' lang='lat' dir='ltr'><strong>Huo</strong></span> <span class='ocrx_word' id='word_1_67' title='bbox 391 1514 518 1578; x_wconf 85' lang='lat' dir='ltr'><strong>intrant</strong></span> <span class='ocrx_word' id='word_1_68' title='bbox 539 1514 652 1579; x_wconf 82' lang='lat' dir='ltr'><strong>faciles</strong></span> <span class='ocrx_word' id='word_1_69' title='bbox 675 1513 740 1577; x_wconf 89' lang='lat' dir='ltr'><strong>emi</strong></span> <span class='ocrx_word' id='word_1_70' title='bbox 761 1513 902 1597; x_wconf 85' lang='lat' dir='ltr'><strong>puellae,</strong></span> 
     </span>
    </p>

    <p class='ocr_par' dir='ltr' id='par_1_7' title="bbox 295 1601 1048 2038">
     <span class='ocr_line' id='line_1_16' title="bbox 296 1601 971 1688; baseline -0.004 -20"><span class='ocrx_word' id='word_1_71' title='bbox 296 1603 359 1668; x_wconf 86' lang='lat' dir='ltr'><strong>Hie</strong></span> <span class='ocrx_word' id='word_1_72' title='bbox 382 1603 569 1688; x_wconf 71' lang='lat' dir='ltr'><strong>agnoscitur</strong></span> <span class='ocrx_word' id='word_1_73' title='bbox 592 1623 701 1685; x_wconf 83' lang='lat' dir='ltr'><strong>omne,</strong></span> <span class='ocrx_word' id='word_1_74' title='bbox 725 1601 810 1686; x_wconf 90' lang='lat' dir='ltr'><strong>quod</strong></span> <span class='ocrx_word' id='word_1_75' title='bbox 833 1601 971 1666; x_wconf 85' lang='lat' dir='ltr'><strong>theatris</strong></span> 
     </span>
     <span class='ocr_line' id='line_1_17' title="bbox 295 1690 980 1773; baseline 0 -19"><span class='ocrx_word' id='word_1_76' title='bbox 295 1690 365 1755; x_wconf 88' lang='lat' dir='ltr'><strong>Aut</strong></span> <span class='ocrx_word' id='word_1_77' title='bbox 387 1691 493 1754; x_wconf 84' lang='lat' dir='ltr'><strong>forma</strong></span> <span class='ocrx_word' id='word_1_78' title='bbox 514 1691 621 1773; x_wconf 87' lang='lat' dir='ltr'><strong>plaoet</strong></span> <span class='ocrx_word' id='word_1_79' title='bbox 643 1692 700 1754; x_wconf 90' lang='lat' dir='ltr'><strong>aut</strong></span> <span class='ocrx_word' id='word_1_80' title='bbox 722 1691 879 1773; x_wconf 83' lang='lat' dir='ltr'><strong>probatur</strong></span> <span class='ocrx_word' id='word_1_81' title='bbox 901 1693 980 1754; x_wconf 84' lang='lat' dir='ltr'><strong>arte.</strong></span> 
     </span>
     <span class='ocr_line' id='line_1_18' title="bbox 295 1777 1048 1862; baseline 0.003 -21"><span class='ocrx_word' id='word_1_82' title='bbox 295 1777 368 1843; x_wconf 83' lang='lat' dir='ltr'><strong>Hoc</strong></span> <span class='ocrx_word' id='word_1_83' title='bbox 388 1777 548 1860; x_wconf 85' lang='lat' dir='ltr'><strong>plaudunt</strong></span> <span class='ocrx_word' id='word_1_84' title='bbox 571 1787 670 1862; x_wconf 84' lang='lat' dir='ltr'><strong>grege</strong></span> <span class='ocrx_word' id='word_1_85' title='bbox 692 1777 811 1862; x_wconf 82' lang='lat' dir='ltr'><strong>Lydiae</strong></span> <span class='ocrx_word' id='word_1_86' title='bbox 833 1781 1006 1860; x_wconf 72' lang='lat' dir='ltr'><strong>tumentes,</strong></span> <span class='ocrx_word' id='word_1_87' title='bbox 1042 1813 1048 1854; x_wconf 70' lang='lat'>7</span> 
     </span>
     <span class='ocr_line' id='line_1_19' title="bbox 296 1864 1048 1952; baseline 0.001 -22"><span class='ocrx_word' id='word_1_88' title='bbox 296 1865 357 1931; x_wconf 90' lang='lat' dir='ltr'><strong>Illo</strong></span> <span class='ocrx_word' id='word_1_89' title='bbox 381 1864 530 1949; x_wconf 80' lang='lat' dir='ltr'><strong>cymbala</strong></span> <span class='ocrx_word' id='word_1_90' title='bbox 555 1865 764 1952; x_wconf 72' lang='lat' dir='ltr'><strong>tinnulaeque</strong></span> <span class='ocrx_word' id='word_1_91' title='bbox 788 1865 908 1950; x_wconf 82' lang='lat' dir='ltr'><strong>Gades3</strong></span> <span class='ocrx_word' id='word_1_92' title='bbox 1046 1905 1048 1910; x_wconf 94' lang='lat'>·</span> 
     </span>
     <span class='ocr_line' id='line_1_20' title="bbox 295 1951 939 2038; baseline 0 -20"><span class='ocrx_word' id='word_1_93' title='bbox 295 1953 366 2018; x_wconf 86' lang='lat' dir='ltr'><strong>Illic</strong></span> <span class='ocrx_word' id='word_1_94' title='bbox 390 1953 521 2038; x_wconf 79' lang='lat' dir='ltr'><strong>agmina</strong></span> <span class='ocrx_word' id='word_1_95' title='bbox 543 1951 939 2038; x_wconf 80' lang='lat' dir='ltr'><strong>confremuntSyrorum,</strong></span> 
     </span>
    </p>

    <p class='ocr_par' dir='ltr' id='par_1_8' title="bbox 293 2041 1208 2922">
     <span class='ocr_line' id='line_1_21' title="bbox 293 2041 993 2128; baseline 0 -22"><span class='ocrx_word' id='word_1_96' title='bbox 293 2041 358 2108; x_wconf 83' lang='lat' dir='ltr'><strong>Hie</strong></span> <span class='ocrx_word' id='word_1_97' title='bbox 380 2042 472 2126; x_wconf 83' lang='lat' dir='ltr'><strong>plebs</strong></span> <span class='ocrx_word' id='word_1_98' title='bbox 496 2044 623 2110; x_wconf 85' lang='lat' dir='ltr'><strong>soenioa</strong></span> <span class='ocrx_word' id='word_1_99' title='bbox 646 2044 764 2128; x_wconf 90' lang='lat' dir='ltr'><strong>quique</strong></span> <span class='ocrx_word' id='word_1_100' title='bbox 787 2042 993 2107; x_wconf 83' lang='lat' dir='ltr'><strong>comminutis</strong></span> 
     </span>
     <span class='ocr_line' id='line_1_22' title="bbox 295 2130 943 2217; baseline 0.002 -23"><span class='ocrx_word' id='word_1_101' title='bbox 295 2130 487 2195; x_wconf 88' lang='lat' dir='ltr'><strong>Permutant</strong></span> <span class='ocrx_word' id='word_1_102' title='bbox 508 2132 621 2197; x_wconf 88' lang='lat' dir='ltr'><strong>uitreis</strong></span> <span class='ocrx_word' id='word_1_103' title='bbox 645 2132 775 2217; x_wconf 83' lang='lat' dir='ltr'><strong>gregale</strong></span> <span class='ocrx_word' id='word_1_104' title='bbox 800 2131 943 2214; x_wconf 90' lang='lat' dir='ltr'><strong>sulphur.</strong></span> 
     </span>
     <span class='ocr_line' id='line_1_23' title="bbox 295 2217 898 2303; baseline 0.003 -21"><span class='ocrx_word' id='word_1_105' title='bbox 295 2217 385 2283; x_wconf 87' lang='lat' dir='ltr'><strong>Inter</strong></span> <span class='ocrx_word' id='word_1_106' title='bbox 408 2239 490 2303; x_wconf 86' lang='lat' dir='ltr'><strong>quae</strong></span> <span class='ocrx_word' id='word_1_107' title='bbox 513 2219 622 2285; x_wconf 87' lang='lat' dir='ltr'><strong>subito</strong></span> <span class='ocrx_word' id='word_1_108' title='bbox 646 2221 765 2285; x_wconf 84' lang='lat' dir='ltr'><strong>cadunt</strong></span> <span class='ocrx_word' id='word_1_109' title='bbox 786 2221 898 2284; x_wconf 89' lang='lat' dir='ltr'><strong>uolatu</strong></span> 
     </span>
     <span class='ocr_line' id='line_1_24' title="bbox 296 2306 1002 2392; baseline 0.001 -22"><span class='ocrx_word' id='word_1_110' title='bbox 296 2306 479 2372; x_wconf 88' lang='lat' dir='ltr'><strong>Immensae</strong></span> <span class='ocrx_word' id='word_1_111' title='bbox 502 2310 671 2374; x_wconf 79' lang='lat' dir='ltr'><strong>uolnerum</strong></span> <span class='ocrx_word' id='word_1_112' title='bbox 693 2329 751 2392; x_wconf 89' lang='lat' dir='ltr'><strong>per</strong></span> <span class='ocrx_word' id='word_1_113' title='bbox 774 2311 863 2372; x_wconf 86' lang='lat' dir='ltr'><strong>astra</strong></span> <span class='ocrx_word' id='word_1_114' title='bbox 885 2308 1002 2392; x_wconf 87' lang='lat' dir='ltr'><strong>nubes,</strong></span> 
     </span>
     <span class='ocr_line' id='line_1_25' title="bbox 296 2393 1002 2482; baseline 0 -22"><span class='ocrx_word' id='word_1_115' title='bbox 296 2394 383 2471; x_wconf 80' lang='lat' dir='ltr'><strong>Quas</strong></span> <span class='ocrx_word' id='word_1_116' title='bbox 406 2393 503 2461; x_wconf 88' lang='lat' dir='ltr'><strong>Nilus</strong></span> <span class='ocrx_word' id='word_1_117' title='bbox 527 2419 618 2462; x_wconf 81' lang='lat' dir='ltr'><strong>sacer</strong></span> <span class='ocrx_word' id='word_1_118' title='bbox 640 2396 854 2482; x_wconf 87' lang='lat' dir='ltr'><strong>horridusque</strong></span> <span class='ocrx_word' id='word_1_119' title='bbox 877 2395 1002 2480; x_wconf 90' lang='lat' dir='ltr'><strong>Phasis,</strong></span> 
     </span>
     <span class='ocr_line' id='line_1_26' title="bbox 297 2482 1018 2569; baseline 0 -21"><span class='ocrx_word' id='word_1_120' title='bbox 297 2482 384 2559; x_wconf 80' lang='lat' dir='ltr'><strong>Quas</strong></span> <span class='ocrx_word' id='word_1_121' title='bbox 407 2486 470 2550; x_wconf 89' lang='lat' dir='ltr'><strong>udo</strong></span> <span class='ocrx_word' id='word_1_122' title='bbox 494 2483 654 2550; x_wconf 85' lang='lat' dir='ltr'><strong>Numidae</strong></span> <span class='ocrx_word' id='word_1_123' title='bbox 676 2485 791 2569; x_wconf 85' lang='lat' dir='ltr'><strong>legunt</strong></span> <span class='ocrx_word' id='word_1_124' title='bbox 814 2485 874 2550; x_wconf 90' lang='lat' dir='ltr'><strong>sub</strong></span> <span class='ocrx_word' id='word_1_125' title='bbox 898 2488 1018 2549; x_wconf 79' lang='lat' dir='ltr'><strong>austro.</strong></span> 
     </span>
     <span class='ocr_line' id='line_1_27' title="bbox 295 2571 958 2659; baseline 0 -23"><span class='ocrx_word' id='word_1_126' title='bbox 295 2571 423 2638; x_wconf 81' lang='lat' dir='ltr'><strong>Desunt</strong></span> <span class='ocrx_word' id='word_1_127' title='bbox 445 2575 501 2659; x_wconf 90' lang='lat' dir='ltr'><strong>qui</strong></span> <span class='ocrx_word' id='word_1_128' title='bbox 523 2574 668 2657; x_wconf 87' lang='lat' dir='ltr'><strong>rapiant,</strong></span> <span class='ocrx_word' id='word_1_129' title='bbox 691 2572 845 2657; x_wconf 90' lang='lat' dir='ltr'><strong>sinusque</strong></span> <span class='ocrx_word' id='word_1_130' title='bbox 868 2573 958 2656; x_wconf 89' lang='lat' dir='ltr'><strong>pleni</strong></span> 
     </span>
     <span class='ocr_line' id='line_1_28' title="bbox 293 2659 1208 2747; baseline 0.008 -23"><span class='ocrx_word' id='word_1_131' title='bbox 293 2659 453 2746; x_wconf 78' lang='lat' dir='ltr'><strong>Gaudent,</strong></span> <span class='ocrx_word' id='word_1_132' title='bbox 476 2662 553 2726; x_wconf 83' lang='lat' dir='ltr'><strong>dum</strong></span> <span class='ocrx_word' id='word_1_133' title='bbox 575 2673 661 2725; x_wconf 82' lang='lat' dir='ltr'><strong>noua</strong></span> <span class='ocrx_word' id='word_1_134' title='bbox 683 2660 774 2724; x_wconf 83' lang='lat' dir='ltr'><strong>luera</strong></span> <span class='ocrx_word' id='word_1_135' title='bbox 797 2665 1034 2747; x_wconf 76' lang='lat' dir='ltr'><strong>comparantur.</strong></span> <span class='ocrx_word' id='word_1_136' title='bbox 1173 2681 1208 2731; x_wconf 84' lang='lat'><strong>80</strong></span> 
     </span>
     <span class='ocr_line' id='line_1_29' title="bbox 298 2749 948 2833; baseline 0 -20"><span class='ocrx_word' id='word_1_137' title='bbox 298 2749 431 2815; x_wconf 82' lang='lat' dir='ltr'><strong>Tollunt</strong></span> <span class='ocrx_word' id='word_1_138' title='bbox 453 2750 638 2814; x_wconf 88' lang='lat' dir='ltr'><strong>innumerae</strong></span> <span class='ocrx_word' id='word_1_139' title='bbox 661 2749 703 2813; x_wconf 89' lang='lat' dir='ltr'><strong>ad</strong></span> <span class='ocrx_word' id='word_1_140' title='bbox 727 2753 815 2814; x_wconf 88' lang='lat' dir='ltr'><strong>astra</strong></span> <span class='ocrx_word' id='word_1_141' title='bbox 837 2770 948 2833; x_wconf 85' lang='lat' dir='ltr'><strong>uoces,</strong></span> 
     </span>
     <span class='ocr_line' id='line_1_30' title="bbox 294 2835 854 2922; baseline 0 -20"><span class='ocrx_word' id='word_1_142' title='bbox 294 2835 485 2916; x_wconf 73' lang='lat' dir='ltr'><strong>Saturnalia</strong></span> <span class='ocrx_word' id='word_1_143' title='bbox 507 2837 661 2921; x_wconf 84' lang='lat' dir='ltr'><strong>principis</strong></span> <span class='ocrx_word' id='word_1_144' title='bbox 685 2841 854 2922; x_wconf 77' lang='lat' dir='ltr'><strong>sonantes,</strong></span> 
     </span>
    </p>

    <p class='ocr_par' dir='ltr' id='par_1_9' title="bbox 294 2925 1209 3188">
     <span class='ocr_line' id='line_1_31' title="bbox 294 2925 952 2992; baseline 0.002 -3"><span class='ocrx_word' id='word_1_145' title='bbox 294 2925 340 2989; x_wconf 78' lang='lat' dir='ltr'><strong>nt</strong></span> <span class='ocrx_word' id='word_1_146' title='bbox 362 2926 447 2991; x_wconf 86' lang='lat' dir='ltr'><strong>dulei</strong></span> <span class='ocrx_word' id='word_1_147' title='bbox 470 2925 636 2990; x_wconf 89' lang='lat' dir='ltr'><strong>dominum</strong></span> <span class='ocrx_word' id='word_1_148' title='bbox 658 2926 771 2991; x_wconf 79' lang='lat' dir='ltr'><strong>fauore</strong></span> <span class='ocrx_word' id='word_1_149' title='bbox 794 2927 952 2992; x_wconf 79' lang='lat' dir='ltr'><strong>clamant:</strong></span> 
     </span>
     <span class='ocr_line' id='line_1_32' title="bbox 294 3011 890 3080; baseline 0.003 -2"><span class='ocrx_word' id='word_1_150' title='bbox 294 3011 366 3080; x_wconf 89' lang='lat' dir='ltr'><strong>Hoo</strong></span> <span class='ocrx_word' id='word_1_151' title='bbox 390 3015 494 3079; x_wconf 91' lang='lat' dir='ltr'><strong>solum</strong></span> <span class='ocrx_word' id='word_1_152' title='bbox 517 3014 621 3078; x_wconf 86' lang='lat' dir='ltr'><strong>uetuit</strong></span> <span class='ocrx_word' id='word_1_153' title='bbox 642 3014 738 3079; x_wconf 86' lang='lat' dir='ltr'><strong>licere</strong></span> <span class='ocrx_word' id='word_1_154' title='bbox 762 3011 890 3080; x_wconf 73' lang='lat' dir='ltr'><strong>Caesar.</strong></span> 
     </span>
     <span class='ocr_line' id='line_1_33' title="bbox 294 3099 1209 3188; baseline 0.004 -21"><span class='ocrx_word' id='word_1_155' title='bbox 294 3099 438 3167; x_wconf 76' lang='lat' dir='ltr'><strong>Uirium</strong></span> <span class='ocrx_word' id='word_1_156' title='bbox 462 3102 592 3166; x_wconf 82' lang='lat' dir='ltr'><strong>eaeruls</strong></span> <span class='ocrx_word' id='word_1_157' title='bbox 613 3124 679 3168; x_wconf 87' lang='lat' dir='ltr'><strong>nox</strong></span> <span class='ocrx_word' id='word_1_158' title='bbox 702 3103 833 3168; x_wconf 75' lang='lat' dir='ltr'><strong>subibat</strong></span> <span class='ocrx_word' id='word_1_159' title='bbox 855 3105 981 3188; x_wconf 82' lang='lat' dir='ltr'><strong>orbem,</strong></span> <span class='ocrx_word' id='word_1_160' title='bbox 1174 3122 1209 3171; x_wconf 79' lang='lat'><strong>85</strong></span> 
     </span>
    </p>
   </div>
   <div class='ocr_carea' id='block_1_3' title="bbox 135 3327 1210 3557">
    <p class='ocr_par' dir='ltr' id='par_1_10' title="bbox 135 3327 1210 3557">
     <span class='ocr_line' id='line_1_34' title="bbox 207 3327 1209 3401; baseline 0.003 -15"><span class='ocrx_word' id='word_1_161' title='bbox 207 3333 242 3386; x_wconf 77' lang='lat'><strong>54</strong></span> <span class='ocrx_word' id='word_1_162' title='bbox 265 3329 304 3385; x_wconf 83' lang='lat' dir='ltr'><strong>Ut</strong></span> <span class='ocrx_word' id='word_1_163' title='bbox 324 3333 344 3380; x_wconf 77' lang='lat' dir='ltr'><strong>(l</strong></span> <span class='ocrx_word' id='word_1_164' title='bbox 363 3347 393 3382; x_wconf 82' lang='lat' dir='ltr'><strong>a:</strong></span> <span class='ocrx_word' id='word_1_165' title='bbox 416 3327 454 3384; x_wconf 75' lang='lat' dir='ltr'><strong>Et</strong></span> <span class='ocrx_word' id='word_1_166' title='bbox 477 3330 535 3386; x_wconf 71' lang='lat' dir='ltr'><strong>ede.</strong></span> <span class='ocrx_word' id='word_1_167' title='bbox 559 3332 570 3401; x_wconf 83' lang='grc' dir='ltr'><strong>ΙΙ</strong></span> <span class='ocrx_word' id='word_1_168' title='bbox 592 3331 626 3385; x_wconf 79' lang='lat'><strong>58</strong></span> <span class='ocrx_word' id='word_1_169' title='bbox 649 3332 757 3386; x_wconf 82' lang='lat' dir='ltr'><strong>statura</strong></span> <span class='ocrx_word' id='word_1_170' title='bbox 780 3329 896 3386; x_wconf 76' lang='lat' dir='ltr'><strong>Guietus</strong></span> <span class='ocrx_word' id='word_1_171' title='bbox 917 3331 922 3400; x_wconf 90' lang='grc' dir='ltr'>Ι</span> <span class='ocrx_word' id='word_1_172' title='bbox 946 3328 1084 3400; x_wconf 66' lang='lat' dir='ltr'><strong>peractos*</strong></span> <span class='ocrx_word' id='word_1_173' title='bbox 1098 3330 1209 3389; x_wconf 77' lang='lat' dir='ltr'><strong>Grono-</strong></span> 
     </span>
     <span class='ocr_line' id='line_1_35' title="bbox 135 3401 1210 3472; baseline 0.003 -16"><span class='ocrx_word' id='word_1_174' title='bbox 135 3401 200 3456; x_wconf 79' lang='lat' dir='ltr'><strong>os&#39;os</strong></span> <span class='ocrx_word' id='word_1_175' title='bbox 222 3401 233 3470; x_wconf 90' lang='lat' dir='ltr'><strong>l</strong></span> <span class='ocrx_word' id='word_1_176' title='bbox 255 3405 289 3455; x_wconf 82' lang='lat'><strong>60</strong></span> <span class='ocrx_word' id='word_1_177' title='bbox 307 3413 423 3456; x_wconf 80' lang='lat' dir='ltr'><strong>munera</strong></span> <span class='ocrx_word' id='word_1_178' title='bbox 440 3402 553 3471; x_wconf 74' lang='lat' dir='ltr'><strong>scripsi:</strong></span> <span class='ocrx_word' id='word_1_179' title='bbox 575 3402 764 3457; x_wconf 67' lang='lat' dir='ltr'><strong>uulnerata</strong></span> <span class='ocrx_word' id='word_1_180' title='bbox 785 3403 795 3470; x_wconf 90' lang='lat' dir='ltr'><strong>l</strong></span> <span class='ocrx_word' id='word_1_181' title='bbox 817 3407 850 3456; x_wconf 84' lang='grc'><strong>61</strong></span> <span class='ocrx_word' id='word_1_182' title='bbox 870 3416 927 3472; x_wconf 87' lang='lat' dir='ltr'><strong>qua</strong></span> <span class='ocrx_word' id='word_1_183' title='bbox 940 3403 1097 3457; x_wconf 58' lang='lat' dir='ltr'><strong>Annaeus:</strong></span> <span class='ocrx_word' id='word_1_184' title='bbox 1120 3414 1210 3472; x_wconf 79' lang='lat' dir='ltr'><strong>quam</strong></span> 
     </span>
     <span class='ocr_line' id='line_1_36' title="bbox 135 3469 1112 3557; baseline 0.002 -34"><span class='ocrx_word' id='word_1_185' title='bbox 135 3477 153 3523; x_wconf 83' lang='lat' dir='ltr'><strong>c</strong></span> <span class='ocrx_word' id='word_1_186' title='bbox 172 3473 211 3540; x_wconf 73' lang='lat' dir='ltr'><strong>⁸ll</strong></span> <span class='ocrx_word' id='word_1_187' title='bbox 226 3476 259 3526; x_wconf 71' lang='grc' dir='ltr'><strong>το</strong></span> <span class='ocrx_word' id='word_1_188' title='bbox 278 3469 410 3557; x_wconf 86' lang='lat' dir='ltr'><strong>timentes</strong></span> <span class='ocrx_word' id='word_1_189' title='bbox 429 3477 447 3523; x_wconf 78' lang='grc' dir='ltr'><strong>ο</strong></span> <span class='ocrx_word' id='word_1_190' title='bbox 465 3491 490 3542; x_wconf 77' lang='lat' dir='ltr'><strong>a,</strong></span> <span class='ocrx_word' id='word_1_191' title='bbox 508 3488 577 3529; x_wconf 75' lang='lat' dir='ltr'><strong>corr.</strong></span> <span class='ocrx_word' id='word_1_192' title='bbox 596 3473 677 3528; x_wconf 65' lang='lat' dir='ltr'><strong>Dolo.</strong></span> <span class='ocrx_word' id='word_1_193' title='bbox 692 3473 702 3541; x_wconf 90' lang='lat' dir='ltr'><strong>l</strong></span> <span class='ocrx_word' id='word_1_194' title='bbox 717 3477 748 3526; x_wconf 78' lang='lat'><strong>⁷1</strong></span> <span class='ocrx_word' id='word_1_195' title='bbox 768 3471 820 3527; x_wconf 92' lang='lat' dir='ltr'><strong>Illo</strong></span> <span class='ocrx_word' id='word_1_196' title='bbox 840 3473 961 3528; x_wconf 72' lang='lat' dir='ltr'><strong>Morbi:</strong></span> <span class='ocrx_word' id='word_1_197' title='bbox 979 3471 1040 3529; x_wconf 88' lang='lat' dir='ltr'><strong>lllio</strong></span> <span class='ocrx_word' id='word_1_198' title='bbox 1059 3477 1076 3524; x_wconf 77' lang='lat' dir='ltr'><strong>c</strong></span> <span class='ocrx_word' id='word_1_199' title='bbox 1094 3491 1112 3525; x_wconf 80' lang='lat' dir='ltr'><strong>s</strong></span> 
     </span>
    </p>
   </div>
   <div class='ocr_carea' id='block_1_4' title="bbox 0 0 1272 3960">
    <p class='ocr_par' dir='ltr' id='par_1_11' title="bbox 0 0 1272 3960">
     <span class='ocr_line' id='line_1_37' title="bbox 0 0 1272 3960; baseline 0 0"><span class='ocrx_word' id='word_1_200' title='bbox 0 0 1272 3960; x_wconf 95' lang='lat' dir='ltr'><strong> </strong></span> 
     </span>
    </p>
   </div>
  </div>
 </body>
</html>
