2534 3960
134 229 179 292 24
503 225 534 280 P.
553 227 692 282 PAPINH
711 227 833 284 sunan

134 375 198 441 Hic
220 372 380 461 premitur
402 372 540 438 fecunda
563 374 654 458 quies
677 374 848 458 uirtusque
871 395 984 440 serena

133 463 257 530 Fronte
280 463 393 550 greum
417 483 577 547 sanusque
599 463 686 528 nitur
709 463 849 547 luxuque
873 465 1019 528 carentes

133 553 287 636 Deliciae,
310 573 390 636 quas
413 552 484 634 ipse
508 550 575 615 ruis
599 551 770 634 degressus
793 550 934 618 Athenis

133 641 248 707 Mallet
270 642 402 706 deserto
422 639 529 705 senior
552 637 740 724 Gargettius
763 640 873 726 hort03
1039 721 1042 727 Ι

133 729 223 795 Haec
247 751 305 813 per
327 731 361 794 et
382 728 510 813 Aegeas
532 727 656 792 hiemes
678 727 895 812 Hyadumque
918 729 1068 794 niuosnm
1178 747 1210 796 95

134 816 229 883 Sidus
254 821 287 882 et
310 816 433 882 Oleniis
457 816 592 901 dignum
616 817 750 900 petiisse
774 817 834 880 sub
858 817 969 903 astris,

135 907 241 983 Quam
263 904 388 970 Maleae
411 904 571 971 credenda
593 905 674 970 ratis
698 903 886 990 Siculosque
908 927 966 989 per
988 909 1098 972 aestus

134 993 184 1060 Sit
207 995 275 1059 uia:
300 1015 356 1059 cur
379 994 482 1059 oculis
505 993 616 1058 sordet
638 993 746 1059 uicina
768 993 942 1078 uoluptas?

132 1083 194 1148 Hie
216 1087 274 1148 tua
295 1082 448 1147 Tiburtes
470 1081 600 1146 Faunos
624 1081 735 1166 chelys
759 1085 792 1147 et
813 1083 906 1148 iuuat
927 1083 1036 1167 ipsum

132 1171 270 1236 Alciden
291 1171 476 1254 dictumque
499 1171 572 1254 lyra
594 1171 717 1236 maiore
740 1168 902 1250 Catillum,
1153 1190 1207 1240 100

134 1258 199 1324 Seu
221 1259 283 1324 tibi
305 1257 486 1323 Pindaricis
511 1258 638 1324 animus
662 1260 855 1325 contendere
877 1261 1009 1343 plectris

134 1345 212 1412 Siue
236 1348 356 1431 chelyn
377 1347 474 1412 tollas
497 1348 598 1412 heroa
621 1347 662 1411 ad
684 1347 803 1413 robora
827 1349 896 1412 siue
1058 1349 1063 1356 '

131 1435 302 1500 Liuentem
327 1436 462 1500 satiram
483 1437 581 1522 nigra
602 1436 754 1522 rubigine
776 1436 885 1501 uibres

135 1524 198 1590 Seu
220 1528 278 1590 tua
300 1546 367 1590 non
390 1524 455 1589 alia
477 1525 681 1610 splendescat
703 1525 842 1608 epistola
865 1547 950 1589 cura.

132 1612 242 1699 Digne
265 1613 372 1678 Midae
396 1610 571 1698 Croesique
594 1613 689 1677 bonis
713 1617 746 1676 et
768 1612 901 1686 Perside
925 1635 1014 1700 gnua,
1156 1634 1208 1682 105

131 1700 240 1767 Macte
261 1702 358 1766 bonis
383 1702 496 1765 animi!
521 1702 611 1766 cuius
635 1703 825 1786 stagnantia
847 1724 923 1767 rura

130 1788 253 1854 Debuit
277 1792 310 1854 et
331 1789 426 1853 flauis
449 1787 589 1853 Hermus
612 1792 832 1855 transcurrere
854 1790 934 1874 ripis

130 1877 176 1941 ut
198 1879 276 1942 limo
301 1876 489 1960 splendente
513 1875 631 1961 Tagus.
668 1877 714 1942 sic
738 1877 833 1944 docta
855 1879 1039 1963 frequentes

132 1965 218 2050 Otia,
243 1966 289 2030 sic
313 1965 402 2029 omni
425 1964 569 2030 detersus
592 1968 725 2048 pectora
747 1968 832 2032 nube

132 2053 248 2119 Finem
269 2053 450 2120 Nestoreae
473 2073 588 2137 precor
611 2055 776 2140 egrediare
800 2059 955 2121 senectae.
1156 2073 1210 2124 110

635 2229 694 2296 IV.

424 2349 579 2407 sornam
598 2353 736 2408 aaran
755 2351 908 2410 samur.

131 2457 237 2542 Estis,
259 2459 305 2544 io,
329 2461 449 2544 superi,
471 2483 532 2526 nec
556 2461 752 2527 inexorabile
777 2459 895 2527 Clotho

133 2545 255 2648 Uoluit·
270 2570 364 2650 opus,¹
383 2549 471 2650 uidet
494 2551 581 2652 alma
602 2549 674 2634 pios
690 2549 835 2651 'Astraea
859 2549 994 2652 leuique

133 2633 307 2700 Concrhatl
331 2640 416 2701 u1u1t
437 2637 647 2722 dub1tataque
671 2638 776 2702 sidera
798 2644 900 2704 cermt

201 2922 234 2970 92
254 2916 331 2997 nitor
351 2922 381 2971 S:
406 2917 517 2986 genitor
535 2924 553 2969 c
571 2919 687 3001 decors
707 2936 724 2972 c
741 2920 751 2988 l
769 2925 803 2974 93
823 2920 963 2990 digressus
981 2927 999 2973 θ
1016 2940 1043 2992 a,
1066 2927 1178 2980 currem
1198 2927 1208 2998 ll

129 2988 734 3127 lusurasuasurus
751 2982 1113 3118 scriputura
1129 2996 1209 3109 plia:

124 3075 314 3198 plecsqpotius
328 3131 338 3198 ΙΙ
352 3135 403 3185 102
422 3131 508 3186 tollas
521 3135 556 3184 A:
575 3076 653 3186 tlllii
671 3137 688 3182 0
705 3102 786 3200 {laod
800 3134 894 3189 uibres
912 3079 1085 3189 aesculus:
1103 3083 1206 3193 tnrfflbga
1257 3135 1258 3186 i

8 3215 9 3268 ᾗ
127 3201 294 3282 cai-turpes
312 3199 552 3271 Geaurtiuau104
571 3217 626 3256 non
649 3202 709 3256 elta
726 3202 949 3274 Lindenbroqe'us
967 3206 977 3274 ΙΙ
998 3211 1049 3260 109
1069 3206 1212 3264 detersus¹

8 3331 10 3348 ι
126 3269 273 3324 Heaoacaa:
294 3269 422 3326 detectus
441 3278 459 3324 ο
477 3291 495 3324 a
1257 3343 1258 3346 Ἴ

8 3371 9 3380 1
201 3339 249 3397 IV.
292 3343 325 3396 irc
347 3344 428 3397 titulo
450 3343 590 3398 RUTILII
614 3349 649 3398 A:
672 3344 797 3399 rutulio
817 3347 827 3414 ΙΙ
850 3353 866 3400 3
886 3345 1026 3402 Conciliat
1043 3346 1117 3403 uiuit
1134 3348 1206 3406 Nic.
1257 3369 1258 3416 i

127 3410 264 3480 Hopfius:
287 3411 444 3468 Conciliato
463 3413 540 3469 cadit
558 3420 575 3466 c
593 3433 611 3466 a
630 3413 785 3470 Conciliato
807 3417 881 3471 redit
894 3416 1031 3472 Burtlu'ue
1053 3418 1208 3476 Conciliat.

8 3499 11 3572 f
126 3481 215 3537 credit
232 3483 454 3538 Hemaeruoaos
1257 3503 1258 3520 ¹
