2534 3960
439 225 627 282 annaeum
644 227 675 281 n.
695 225 716 297 1,
735 233 761 282 4.
1090 227 1135 292 25

61 376 220 442 Gallicus.
266 375 320 440 enl
345 373 435 438 caelo
458 371 557 437 diue's
584 370 776 436 Germanice
799 371 889 436 cordi

60 463 161 548 (Quis
183 459 332 548 neget?):
357 462 485 526 erubuit
506 463 599 526 tanto
623 460 762 544 spoliare
785 460 935 526 ministro
1120 478 1136 528 a

60 553 242 637 Imperium
264 550 409 615 Fortuna
429 552 531 614 tuum.
577 552 644 613 stat
664 549 812 632 proxima
835 551 942 614 ceruix

64 641 226 706 Ponderis
248 639 400 704 immensi
422 638 643 722 damnosaque
666 638 724 702 ffla
745 641 893 702 senectae

61 730 169 798 Exuit
192 733 288 813 atque
311 728 392 794 alios
415 727 718 792 melior-reuirescit
739 726 775 790 in
798 747 910 793 annos.

65 819 160 904 Ergo
184 819 323 901 alacres,
346 837 428 900 quae
452 815 546 900 signa
568 814 680 880 colunt
702 815 843 898 urbana,
866 815 1027 901 cohortes,

65 907 173 993 Inque
197 906 303 970 sinum
326 925 527 990 quaersaepe
550 906 643 968 tuum
665 903 737 968 fora
758 904 888 968 turbida
911 907 1027 989 questu
1104 921 1138 970 ιο

65 995 286 1080 Confugiunt,
308 1013 401 1078 reges
423 994 582 1078 urbesque
605 992 798 1076 ubicumque
821 993 960 1076 locatae,

65 1083 158 1160 Quae
180 1087 238 1148 tua
260 1083 447 1168 longinquis
470 1082 650 1166 implorant
671 1081 742 1145 iura
766 1082 918 1165 querelis,

67 1171 204 1238 Certent
225 1171 365 1254 laetitia,
388 1191 447 1236 uos
470 1174 583 1254 terque
606 1191 646 1233 ex
669 1169 793 1253 ordine,
817 1170 922 1255 collis,

68 1259 283 1343 Confremite,
306 1263 339 1323 et
362 1258 480 1324 sileant
501 1257 620 1343 peioris
644 1279 810 1326 murmura
831 1258 954 1324 famae!

64 1348 191 1433 Quippe
215 1350 327 1413 manet
348 1347 547 1432 longumque
571 1369 651 1412 aeuo
674 1347 826 1412 redeunte
849 1347 1007 1432 manebit,
1102 1363 1136 1412 15

44 1445 48 1450 '
66 1436 170 1512 Quem
193 1458 293 1520 penes
316 1435 496 1519 intrepidae
518 1435 608 1500 mitis
632 1436 778 1500 custodia
800 1435 945 1502 Romae.-

62 1524 136 1590 Nec
157 1527 287 1589 tantum
309 1524 477 1588 induerint
497 1522 575 1588 fatis
598 1545 685 1588 noua
708 1524 838 1588 saecula
860 1525 982 1588 crimen

65 1615 137 1679 Aut
158 1612 331 1679 instaurati
353 1613 536 1694 peccauerit
559 1633 616 1676 ara
637 1611 781 1676 Tarenti.

63 1703 131 1767 Ast
153 1721 214 1787 ego
238 1721 299 1766 nec
320 1698 502 1784 Phoebum,
525 1721 719 1784 quamquam
743 1701 823 1765 mihi
847 1701 944 1765 surda
966 1701 1037 1765 sinc
1059 1700 1118 1766 illo

64 1791 209 1874 Plectra,
231 1811 292 1854 nec
315 1788 439 1854 Aonias
463 1788 587 1854 decima
608 1809 682 1854 cum
705 1788 837 1854 Pallade
861 1789 954 1854 diues
1103 1804 1137 1854 aa

65 1880 135 1944 Aut
156 1879 269 1943 mitem
293 1877 420 1962 Tegeae
442 1877 598 1943 Dircesue
620 1877 777 1942 hortabor
801 1879 979 1942 alumnum:

64 1968 142 2050 lpse
163 1968 239 2032 ueni
261 1967 410 2051 uiresque
431 1987 534 2031 nouas
558 1967 764 2050 animumque
786 1967 949 2050 ministra,

67 2055 134 2131 Qui
157 2055 296 2138 caneris3
320 2054 433 2120 doctor
454 2076 514 2119 neo
538 2055 624 2119 anim
648 2055 716 2138 sine
739 2055 872 2118 numine
894 2057 1007 2118 tantus

63 2143 231 2209 Ausoniae
254 2144 371 2208 decora
393 2143 502 2226 ampla
523 2146 620 2228 togae
643 2146 836 2226 centumque
860 2142 977 2208 dedisti

63 2232 224 2297 Iudicium
247 2235 454 2314 mentemque
476 2231 565 2295 uiris.
610 2232 686 2296 lieet
709 2231 828 2295 enthea
850 2233 936 2298 uatis
1102 2249 1136 2298 25

62 2321 227 2386 Excludat
247 2319 396 2404 Pimplea
420 2321 509 2384 sitim
531 2341 590 2384 nee
614 2321 743 2385 conscia
766 2321 860 2385 detur

63 2409 197 2474 Pirene:
218 2408 329 2493 largos
352 2412 500 2493 promtus
523 2407 604 2472 mihi
628 2429 745 2493 gurges
767 2409 804 2473 in
825 2409 976 2494 haustus,

67 2497 131 2574 Qui
153 2498 280 2582 rapitur
303 2498 342 2562 de
365 2497 456 2562 fonte
479 2502 550 2582 tuo,
575 2519 631 2562 seu
653 2498 753 2581 plana
777 2498 892 2563 solutis

66 2585 172 2662 Quom
196 2586 296 2650 struis
319 2607 395 2651 orsa
417 2583 522 2650 modis
546 2608 602 2652 seu
626 2607 723 2671 quom
746 2586 807 2650 tibi
830 2586 932 2652 dulcis
951 2587 986 2654 in
1010 2589 1117 2652 artum

65 2673 242 2758 Frangitur
265 2677 298 2737 et
319 2678 450 2740 nostras
474 2680 567 2740 curat
588 2674 740 2740 facundia
762 2676 860 2760 leges.
1101 2693 1136 2741 30

135 2927 153 2974 4
176 2921 206 2975 et
228 2919 307 2975 caelo
326 2919 405 2974 diues
428 2919 520 2974 Germ.
540 2927 597 2990 oa,
620 2922 735 2976 careri.
757 2937 786 2975 es
804 2921 891 2990 caclo,
918 2919 961 2975 dis
980 2935 1009 2974 es
1026 2919 1107 2975 Dora.
1126 2920 1136 2992 ll

68 2997 102 3046 10
121 2992 251 3060 questum
270 2991 374 3046 Marici.
394 2991 405 3059 ΙΙ
426 2996 457 3045 11
472 2992 551 3061 leges
569 3010 596 3046 u.
614 3008 642 3045 u.
661 2994 776 3062 rogatae
795 2997 812 3043 0
831 3009 848 3045 a
866 2993 933 3059 (cisi
950 2991 1023 3060 quod
1040 3009 1058 3042 a
1075 3007 1136 3046 cam

69 3068 88 3116 ς
104 3063 241 3132 togatae),
261 3063 383 3127 correai;
401 3063 448 3116 sed
465 3063 581 3128 fortasse
589 3067 717 3131 praestat
734 3079 868 3131 regesque
885 3065 896 3131 l
915 3068 948 3116 13
967 3060 1082 3116 Certent
1099 3066 1135 3118 A:

64 3133 179 3188 Certant
197 3139 215 3184 0
231 3136 235 3202 Ι
251 3149 303 3187 uos
320 3135 420 3202 terque
437 3133 571 3188 Nullius.-
588 3133 738 3203 nosterque
756 3138 779 3185 Δ
795 3149 917 3202 noseque
936 3133 981 3186 uel
997 3148 1135 3200 nosceque

66 3210 83 3256 0
101 3221 152 3259 uos
170 3219 261 3272 aeque
279 3203 416 3272 Imhofius
432 3205 443 3272 l
461 3209 496 3258 14
512 3202 685 3258 constemus
703 3204 852 3271 Imauus:
874 3202 1036 3258 Confremat
1054 3209 1073 3254 0
1090 3221 1107 3257 a
1127 3204 1135 3275 ll

65 3280 97 3329 18
122 3273 237 3330 Terenti
261 3279 278 3328 ς
302 3275 312 3344 fl
334 3279 368 3328 23
393 3273 447 3339 Qui
469 3275 566 3329 Dora:
589 3273 657 3338 Quis
680 3274 723 3326 Δ*
741 3279 759 3325 0
781 3279 784 3342 l
804 3273 904 3328 doctor
920 3275 1034 3344 scripsi:
1051 3274 1134 3329 docto

63 3352 80 3398 0
98 3364 115 3400 a
133 3345 231 3400 dextm
251 3345 356 3401 Marici.
377 3347 387 3415 ll
409 3351 443 3400 26
464 3346 562 3415 piplea
580 3349 615 3398 Δι
634 3344 730 3414 piplea
747 3351 765 3396 0
787 3349 797 3413 ΙΙ
819 3349 853 3398 27
875 3345 1003 3415 promtus
1021 3346 1136 3413 scapos.-

66 3417 159 3486 potius
178 3422 196 3468 0
215 3435 232 3469 a
249 3419 334 3485 potus
350 3417 525 3471 Bernartius
537 3416 631 3486 potior
648 3415 686 3470 N.
705 3415 799 3471 Faber
811 3416 822 3485 ΙΙ
835 3421 869 3470 29
889 3415 979 3481 Quom
996 3445 1031 3456 -·
1050 3431 1135 3483 quom

64 3493 99 3543 A:
119 3487 173 3554 Qui
192 3488 247 3556 (acl
266 3485 421 3556 Construis)
441 3519 474 3527 -
494 3503 579 3556 quam
598 3492 616 3538 0
636 3490 640 3553 Ι
660 3487 750 3542 artem
769 3492 786 3538 0
805 3505 829 3555 a,
849 3503 918 3544 corr.
936 3485 1073 3541 Burtiius
