2534 3948
440 236 628 292 SILUARUM
647 237 678 293 L.
697 235 731 306 V,
750 243 775 292 3,
1072 238 1135 304 143

68 385 215 450 Primum
239 383 382 448 animum
404 381 577 464 tacitisque
601 381 700 446 situm
723 381 882 465 depellere
905 382 1034 448 chordis

66 473 162 538 Nunc
186 473 287 538 etiam
309 471 441 536 labente
463 492 563 535 manu
585 491 646 534 nec
663 470 783 535 lumine
803 470 887 547 sicco
1101 487 1136 537 aa

67 561 186 628 Ordior
209 559 341 626 acclinia
365 559 499 642 tumulo,
523 580 586 642 quo
609 558 707 623 mollo
730 559 869 642 quiescis

66 651 186 736 Iugera
208 651 321 713 nostra
342 649 467 730 tenens,
490 647 546 712 ubi
569 651 645 730 post
667 646 790 712 Aeneia
812 647 882 712 fata

67 739 239 804 Stellatem
262 735 365 801 Latiis
388 735 527 820 ingessit
548 735 715 801 montibus
738 734 860 800 Albam

66 826 237 909 Ascanius,
259 824 405 910 Phrygio
429 823 506 888 dum
528 823 665 909 pingues
689 825 847 909 sanguine
870 845 1002 908 campos

68 914 147 981 Odit
169 919 203 980 et
224 913 386 977 infaustae
409 932 546 998 regnum
569 912 677 976 dotale
700 933 869 978 nouercae.
1100 929 1136 977 40

67 1003 129 1068 Hic
154 1023 215 1088 ego
238 1006 272 1066 te
295 998 386 1086 (nam
409 997 532 1065 Sicanii
553 1022 621 1066 non
644 1001 754 1065 mitius
778 1001 871 1067 halat

67 1091 159 1156 Aura
182 1091 277 1174 croci,
300 1089 376 1154 ditis
399 1110 460 1154 nec
484 1089 530 1153 sic
553 1088 614 1152 tibi
636 1111 712 1153 cara
737 1087 855 1154 Sabaei

68 1179 239 1257 Oinnama,
262 1177 414 1244 odoratas
437 1198 498 1242 nec
521 1176 628 1241 Arabs
652 1176 796 1261 decerpit
819 1177 952 1264 aristas)

66 1268 191 1333 Inferni
215 1289 287 1332 oum
309 1265 405 1330 laude
427 1267 517 1331 lacus
541 1270 574 1330 et
596 1267 737 1331 carmine
759 1267 881 1353 plango

67 1357 190 1440 Pierio;
215 1376 305 1420 sume
328 1376 346 1419 ο
369 1355 508 1440 gemitus
532 1357 565 1418 et
588 1375 724 1419 munera
746 1356 818 1419 nati
1098 1372 1133 1422 45

66 1444 112 1510 Et
134 1445 294 1527 lacrimas,
317 1444 383 1507 rari
406 1464 486 1526 quas
508 1463 663 1526 umquam
685 1443 827 1508 habuere
849 1447 1010 1528 parentes.

66 1534 176 1618 Atque
198 1531 325 1596 utinam
346 1531 480 1596 fortuna
503 1531 593 1615 mibi,
617 1530 693 1595 dare
716 1532 867 1597 manibus
890 1553 978 1617 aras,

66 1621 132 1686 Par
154 1620 286 1706 templis
310 1641 400 1703 opus,
424 1619 608 1703 aeriamque
632 1619 766 1684 educere
789 1621 921 1705 molem,

67 1708 251 1794 Cyclopum
274 1708 424 1792 scopulos
447 1709 534 1772 ultra
556 1711 652 1792 atquc
676 1708 811 1773 audacia
834 1732 913 1775 saxa

66 1797 288 1882 Pyramidum,
312 1800 345 1860 et
367 1816 487 1882 magno
511 1797 673 1860 tumulum
694 1801 881 1882 praetexere
903 1799 991 1864 luco!
1099 1814 1135 1862 50

65 1887 139 1951 Illic
162 1889 195 1950 et
217 1883 318 1950 Siculi
341 1905 544 1968 superassem
568 1884 654 1950 dona
677 1887 815 1970 sepulcri

64 1974 111 2040 Et
134 1972 272 2039 Nemees
295 1974 403 2038 lucum
426 1976 459 2037 et
480 1972 611 2057 Pelopis
636 1975 805 2038 sollemnia
828 1976 944 2040 trunci.

63 2062 136 2127 Illic
160 2061 294 2128 Oebalio
316 2082 383 2127 non
404 2062 542 2126 finderet
564 2081 640 2125 aera
664 2060 753 2126 disco

65 2150 241 2216 Graiorum
263 2150 314 2214 uis
337 2150 402 2214 uda
423 2150 540 2238 uirum,
562 2170 630 2213 non
654 2171 733 2218 arua
755 2151 878 2236 rigaret

65 2237 173 2305 Sudor
195 2260 312 2322 equum
336 2242 393 2302 aut
415 2239 504 2322 putri
528 2237 669 2302 sonitum
689 2238 782 2304 daret
798 2239 923 2325 ungula
941 2259 1069 2324 camp03
1100 2255 1134 2304 55

65 2326 131 2392 Sed
153 2325 278 2392 Phoebi
301 2327 437 2410 simplex
461 2326 587 2409 chorus,
610 2329 644 2390 et
666 2325 852 2392 frondentia
875 2331 988 2393 uatum

63 2415 215 2480 Praemia
237 2414 380 2494 laudato,
402 2415 540 2500 genitor,
563 2419 596 2479 te
619 2416 681 2480 rite
704 2415 850 2501 ligarem.
874 2443 880 2451 ·

138 2718 173 2766 34
193 2712 303 2768 chordis
326 2712 411 2767 idem:
434 2713 507 2767 curis
526 2717 543 2764 0
562 2730 579 2765 a
605 2714 616 2782 ΙΙ
642 2712 808 2768 adlabente
827 2719 859 2768 5:
884 2714 1007 2771 habente
1026 2718 1072 2772 uel
1088 2718 1135 2772 he·

63 2784 150 2838 bento
173 2785 227 2849 (ita
250 2785 277 2852 a)
302 2788 320 2834 0
335 2785 339 2848 Ι
355 2798 407 2838 nec
426 2783 600 2838 Grououius:
622 2799 697 2838 nnnc
718 2789 735 2835 0
754 2802 771 2837 a
787 2787 798 2855 Ι]
816 2791 849 2840 36
869 2786 984 2841 acclinis
1002 2792 1026 2839 Δ
1045 2790 1086 2858 011
1100 2793 1133 2844 38

63 2853 216 2910 stellatam
233 2855 348 2922 scripsi:
372 2851 507 2909 stellatus
526 2858 543 2904 0
562 2872 579 2907 a
603 2853 714 2909 Solutus
732 2856 816 2925 culpo
829 2858 840 2926 l
852 2862 887 2912 4ο
905 2856 1025 2914 infestae
1044 2861 1134 2928 ς1142

63 2926 106 2980 sio
125 2924 199 2980 edd:
218 2925 243 2980 si
261 2930 279 2976 0
298 2942 315 2977 a
333 2923 423 2980 sicubi
442 2924 602 2980 Grououc‘ac
617 2926 622 2993 Ι
638 2941 704 2980 cara
722 2926 843 2982 Marti:
860 2944 925 2983 rara
943 2934 961 2980 0
980 2947 997 2982 a
1009 2931 1019 2998 l
1033 2936 1067 2984 43
1086 2930 1133 2985 de-

62 2994 170 3064 cerpsit
193 3000 259 3064 ca,
283 2996 397 3050 correxi.
422 2996 554 3064 decerpat
578 2999 595 3050 ς
616 2998 678 3064 1144
702 2996 806 3052 Inferni
830 3003 847 3049 0
870 3017 899 3054 a:
924 2999 1032 3054 Inserui
1053 3001 1134 3055 Dum.

64 3067 69 3138 Ι
91 3066 170 3120 lacus
188 3069 218 3120 et
235 3067 347 3135 ratpot:
366 3067 422 3121 laci
440 3067 489 3122 sed
508 3071 526 3117 0
545 3085 562 3119 ι
579 3066 635 3121 1οοὶ
654 3071 673 3120 ς
690 3066 759 3122 locis
778 3070 808 3124 et
816 3069 986 3124 Bernartius
1002 3071 1136 3141 (idemus

60 3137 111 3191 sed
129 3153 156 3191 a.
175 3143 209 3190 41
229 3136 281 3191 His
298 3137 448 3206 Bartlriuc)
470 3137 480 3208 ll
497 3141 532 3191 45
552 3154 569 3192 o
593 3138 705 3192 addidi:
728 3154 779 3192 om.
799 3144 817 3190 0
835 3158 852 3192 ι
872 3142 903 3194 et
921 3145 939 3194 ς
957 3141 1009 3195 hos
1029 3142 1134 3197 Markl.

64 3207 68 3280 l
91 3223 208 3262 munera
225 3208 310 3262 iduor
334 3208 452 3264 uulnera
475 3213 493 3259 0
512 3226 529 3260 ι
546 3209 556 3277 l
573 3214 608 3264 46
633 3210 691 3263 cari
710 3208 860 3264 accacius
880 3211 885 3278 Ι
906 3227 975 3281 quas
999 3217 1030 3267 0:
1050 3229 1134 3282 quam

61 3283 86 3330 Δ
112 3279 116 3344 Ι
141 3295 265 3348 unquam
289 3283 320 3333 c:
343 3296 487 3348 nunquam
511 3284 530 3332 ς
554 3297 571 3332 a
593 3281 603 3348 [Ι
628 3284 659 3333 51
675 3285 748 3348 puto
770 3295 930 3351 superarem
952 3284 962 3352 ΙΙ
985 3288 1018 3338 62
1037 3283 1134 3338 ludum

62 3348 171 3402 Marti.
195 3351 206 3418 ΙΙ
228 3354 263 3403 04
280 3349 337 3404 uda
357 3355 419 3404 ςιε
442 3350 520 3404 nuda
537 3351 581 3405 uel
598 3350 674 3404 unda
688 3355 706 3401 0
719 3352 729 3420 ΙΙ
743 3356 777 3405 55
797 3367 898 3422 campo
917 3353 1038 3410 Markl:
1060 3354 1135 3409 fossa

62 3425 81 3470 c
105 3437 123 3472 a
146 3419 230 3489 gleba
251 3420 435 3476 Burmannus
440 3441 451 3486 ;
469 3422 561 3490 poscis
583 3422 688 3475 harena
705 3423 715 3491 ΙΙ
733 3427 766 3476 06
791 3424 822 3477 et
840 3427 857 3474 0
876 3442 905 3479 a:
929 3425 976 3480 bio
995 3425 1054 3480 edd.
1073 3427 1082 3494 ΙΙ
1100 3429 1133 3478 57

61 3494 93 3544 te
112 3491 226 3560 compsi.-
244 3490 298 3545 tibi
317 3496 335 3543 0
354 3491 525 3561 alligarem
545 3497 562 3542 0
581 3499 613 3544 a!
630 3490 753 3547 dicarem
772 3493 854 3550 Dum.
