2534 3948
435 191 622 247 sinunnun
639 191 671 249 n.
690 191 740 263 rv,
760 197 784 248 e.

280 336 411 402 Fortem
435 340 532 422 etque
554 335 729 402 fecundum
753 334 907 402 Seuerum

333 423 417 491 Non
434 425 539 490 solitis
561 424 679 490 fidibus
703 426 818 491 seluto.

226 618 298 684 Iurn
319 622 394 683 trux
417 618 458 684 ad
480 616 598 683 Arctos
620 617 811 685 Parrhasias
834 619 938 685 hiems
977 608 984 622 ’

228 705 397 773 Oonoessit
419 707 496 772 altis
519 707 637 772 obruta
659 707 792 792 solibus,

272 795 343 860 Iam
366 799 486 880 pontus
510 795 667 860 entellus
690 795 849 881 renident,

308 883 387 948 ‘Iam
410 881 592 967 Zephyrost
614 883 734 968 Aquilo
757 884 925 949 refractus.

227 1075 323 1142 Nunc
344 1081 462 1142 elmete
484 1077 553 1142 ueri
575 1077 744 1142 frondibus
768 1077 883 1143 annuis

229 1163 371 1230 Crinitnr
395 1167 500 1250 arbos,
523 1187 609 1231 nune
632 1167 800 1232 uolnerum
822 1167 899 1231 noui

281 1253 419 1330 Questus
445 1255 712 1340 inexpertumque
735 1275 880 1339 carmen,

334 1341 427 1418 Quod
449 1343 551 1407 tacita
574 1347 715 1408 statuere
738 1342 861 1407 brume.

227 1533 297 1601 Nos
320 1557 419 1620 pares
440 1537 545 1620 tellus,
568 1535 709 1620 peruigil
733 1537 766 1600 et
787 1533 879 1601 foens

228 1621 427 1709 culmenque
449 1624 552 1689 multo
575 1624 697 1688 lumine
721 1622 885 1689 sordidum

282 1710 435 1778 Solantur
458 1715 688 1797 exemptusque
710 1716 796 1776 teste

335 1800 397 1877 Qui
419 1801 516 1867 modo
539 1801 704 1866 ferbuerat
726 1798 861 1885 Lyaeus.

228 1990 304 2059 Non
326 1995 416 2060 mille
439 1995 553 2059 belant
575 1995 714 2079 lanigeri
737 2014 862 2080 greges,

229 2080 298 2148 Nee
320 2104 419 2149 uacca
441 2083 526 2148 dulei
549 2083 656 2168 mugit
679 2082 835 2166 adultero,

281 2169 412 2258 Unique
436 2170 593 2255 siquando
617 2169 747 2235 canenti

335 2259 444 2325 Mutus
469 2280 547 2345 ager
570 2259 701 2324 domino
724 2259 888 2323 reclamet

230 2453 291 2520 Sed
313 2457 400 2519 terre
421 2454 535 2538 primis
559 2457 635 2538 post
656 2454 796 2538 patrium
819 2452 901 2517 mihi

229 2540 356 2608 Dilecta
378 2543 478 2626 enris3
500 2542 554 2607 hie
576 2563 650 2607 mee
673 2541 818 2607 carmine

276 2631 409 2716 'Regina
430 2631 588 2697 bellorum
610 2630 725 2715 uirago

336 2719 492 2786 Caesareo
517 2719 682 2784 denotauit
704 2735 793 2804 suro,

142 3004 167 3054 8.
190 2999 330 3069 Zephyros
354 2999 485 3070 aquilone
507 2999 610 3055 frmtos
634 2999 834 3070 cszephyris
857 3000 986 3069 aquilone
1008 2998 1138 3054 fracto?

74 3071 199 3140 zephyris
217 3070 313 3140 aquilo
331 3071 466 3126 refractus
484 3071 576 3140 00190.
595 3070 750 3141 Zephyrost
766 3072 876 3126 restitui
888 3073 927 3140 19
946 3069 1007 3125 ueri
1023 3070 1137 3139 serpet:

73 3141 217 3196 nerisca
233 3157 353 3197 uernans
372 3141 477 3196 Markt.
498 3142 508 3210 11
532 3146 566 3194 10
584 3141 700 3195 crinitur
718 3146 755 3199 A:
778 3141 895 3198 crinitus
912 3147 930 3194 0
947 3144 957 3212 1
976 3146 1009 3196 16
1029 3140 1084 3206 Qui
1102 3145 1139 3196 sa

75 3212 133 3279 Quo
151 3217 199 3264 cs
217 3211 278 3277 Qun
296 3212 355 3268 edu
372 3214 376 3279 Ι
391 3212 545 3268 remerare
563 3211 706 3266 seruuerst
725 3217 743 3267 ς
762 3213 801 3280 ι1
817 3218 848 3266 1⁷
867 3212 968 3267 balent
985 3216 1019 3267 5:
1037 3212 1141 3266 leuant

74 3281 301 3354 A*culsnigeri
321 3280 665 3353 s=1apigerieiepigeri
689 3286 706 3336 ς
731 3284 836 3352 α1102
860 3283 925 3357 hine
948 3289 966 3336 0
988 3283 1055 3338 huie
1074 3285 1092 3337 ς
1111 3300 1136 3352 ι,

76 3369 160 3479 cogni
164 3353 299 3410 Heinsius
325 3356 334 3425 1
362 3359 396 3408 24
427 3353 572 3410 decorauit
596 3353 716 3408 Maricla
744 3354 902 3423 persmsuit
926 3359 943 3406 0
966 3372 995 3421 ⁸3
1022 3354 1140 3421 fortasse

76 3423 131 3480 re'
161 3424 215 3480 init
