2534 3960
404 265 574 322 EDITORIS
593 266 811 322 PRAEFATIO.
1086 289 1133 324 xrx

67 413 153 495 trias,
189 411 344 476 nimirum
376 407 482 494 ipsum
515 411 595 477 illud
623 413 716 478 docte
746 415 779 477 et
805 413 927 477 imitari
955 416 988 478 et
1013 436 1134 480 nouare

65 525 133 566 non
156 500 225 565 sine
249 500 371 586 uigiliis
400 501 493 565 licuit
515 501 593 566 fieri.
643 502 753 586 itaque
776 501 812 565 in
835 502 925 567 siluis
948 503 1134 589 plerumque

66 589 226 654 abstinuit
255 589 461 654 ameditatis
484 591 716 655 nouationibus
740 591 906 675 satiusque
931 591 1022 656 duxit
1045 614 1133 657 more

67 679 204 763 uulgato
236 678 335 762 loqui.
379 701 456 743 nam
488 700 568 764 quae
600 681 652 744 uel
685 679 731 744 sic
762 679 854 744 siluis
885 681 1062 763 peculiaria
1093 680 1136 764 (si

68 790 142 832 oum
162 767 306 851 priorum
326 789 472 832 sermone
491 767 675 853 comparas)
695 772 872 852 remanent,
894 768 994 834 uerba
1011 769 1136 836 tumida

66 860 99 920 ct
121 856 340 921 elocutionum
368 856 514 940 ubertas,
542 857 622 922 haee
650 879 723 921 cum
751 857 878 922 coaeuis
906 858 1011 942 poetis
1039 860 1135 943 plane

65 945 250 1010 communia
271 943 371 1010 habet
395 943 530 1010 Statius.
576 947 632 1010 sed
655 946 702 1010 ibi
726 968 862 1031 quoque,
884 946 941 1010 ubi
964 946 1093 1012 deflexit
1116 971 1135 1012 a

67 1036 222 1100 consueto
250 1033 403 1118 loquendi
430 1056 503 1118 usu,
532 1037 570 1098 ut
593 1034 754 1100 interdum
778 1034 943 1119 audacter,
971 1035 1018 1100 ita
1045 1058 1135 1101 num·

66 1143 164 1206 quam
195 1123 332 1188 absurde
359 1123 509 1207 nouauit,
541 1127 578 1188 ut
605 1145 652 1189 ex.
681 1146 728 1210 gr.
756 1124 904 1208 ineptum
938 1124 981 1188 sit
1012 1127 1135 1209 putare,

64 1234 139 1276 eum
163 1211 234 1277 silu.
257 1211 291 1276 ΙΙ
314 1212 343 1296 2,
367 1211 409 1276 93
433 1212 466 1275 id
490 1211 577 1298 quod
600 1212 690 1279 codd.
712 1211 848 1278 habeut:

225 1333 262 1387 Et
281 1332 364 1389 Chios
384 1336 413 1388 et
431 1334 557 1403 gaudens
575 1333 676 1389 fluctus
696 1335 823 1404 spectare
842 1333 973 1404 Carystos

63 1443 235 1527 scripsisse
253 1442 294 1507 ed
312 1442 560 1508 similitudinem
576 1444 778 1510 locutionum
798 1466 879 1528 quae
899 1447 975 1508 sunt
993 1444 1134 1511 ‘crocum

64 1533 162 1615 olere,
186 1553 274 1596 mare
299 1530 436 1615 rapere',
460 1554 533 1596 cum
556 1532 638 1595 illud
662 1532 710 1596 nil
733 1533 838 1616 possit
862 1531 1044 1617 significare
1067 1535 1133 1600 nisi

62 1622 127 1686 hoe
160 1619 318 1684 ‘marmor
350 1617 537 1704 Carystium
569 1620 605 1684 in
637 1642 725 1685 mare
756 1619 942 1705 prospicere
970 1618 1135 1706 gaudens'.

62 1712 100 1775 in
127 1709 208 1773 talia
235 1708 306 1772 loca
335 1729 400 1772 non
432 1708 518 1773 cadit
545 1707 602 1773 illa
634 1708 861 1793 extemporalis
896 1708 1048 1775 audaciae
1080 1734 1135 1776 ex-

63 1798 204 1880 cusatio,
237 1796 315 1881 quia
342 1796 377 1861 in
404 1797 545 1862 dictione
573 1799 702 1881 poetica
730 1799 888 1882 regnabat
915 1797 981 1862 fere
1010 1797 1134 1865 Statius

64 1909 171 1971 neque
200 1885 374 1971 ignorabat
402 1885 504 1971 idem,
526 1887 629 1952 multo
652 1886 779 1952 facilius
803 1887 1040 1953 condonaturos
1065 1909 1134 1953 esse

63 1975 214 2059 aequales
247 1974 329 2040 uitia
362 1975 528 2040 doctrinae
562 1998 659 2061 quem
691 1976 859 2041 sermonis.
910 1997 1014 2060 neque
1047 1977 1134 2041 enim

63 2063 243 2130 cantilenas
265 2063 439 2148 populares
463 2064 606 2148 scripsit,
634 2064 691 2129 sed
713 2064 842 2129 libellos
868 2086 943 2130 suos
967 2065 1008 2129 ab
1032 2065 1134 2130 homi-

63 2154 162 2219 nibus
190 2152 382 2218 cultioribus
410 2153 476 2238 legi
503 2153 617 2218 uoluit.
667 2154 777 2238 itaque
805 2153 852 2217 sic
880 2173 932 2217 ars
960 2153 1072 2218 critica
1100 2154 1135 2218 in

63 2241 157 2310 siluis
180 2244 231 2305 est
254 2242 429 2307 exercenda
452 2244 576 2306 utnon
599 2241 695 2306 nimis
721 2263 830 2306 seuere
854 2242 1071 2307 examinemus
1096 2264 1135 2307 ea

64 2352 147 2418 quae
163 2330 204 2395 ad
223 2329 402 2395 doctrinam
422 2330 664 2414 carminumque
683 2330 952 2415 compositionem
971 2334 1135 2414 spectant3

63 2423 100 2487 in
123 2418 293 2484 sententiis
317 2419 397 2502 ipsis
420 2418 590 2503 uerbisque
613 2441 790 2504 numquam
803 2418 1039 2503 ,obliuiscamur
1062 2418 1133 2485 Sta-

62 2511 146 2576 tium
170 2507 232 2572 etsi
255 2506 427 2591 aliquando
452 2507 655 2572 audaciorem
671 2508 830 2593 simulque
845 2505 895 2591 (ut
910 2507 945 2571 in
959 2508 1132 2572 eorundem

64 2595 299 2664 uocabulorum
326 2593 533 2682 repetitione)
557 2597 847 2682 neglegentiorem,
870 2595 1001 2660 minime
1025 2599 1135 2661 tamen

63 2686 176 2752 iudicii
201 2705 362 2770 sanaeque
381 2685 500 2749 mentis
521 2689 684 2769 expertem
707 2685 823 2772 fuisse3
847 2685 985 2768 denique
1008 2707 1135 2769 semper

63 2775 165 2860 probe
198 2773 438 2838 meminerimus
470 2773 551 2838 haee
583 2774 727 2839 earmina
758 2795 825 2838 non
857 2774 892 2837 in
924 2795 995 2838 aere
1023 2774 1135 2858 incisa,

64 2864 122 2930 sed
144 2885 201 2947 per
224 2861 388 2926 uariorum
411 2863 616 2927 librariorum
634 2863 734 2928 uerba
751 2863 873 2927 tradita
891 2862 995 2947 magis
1015 2863 1134 2948 magis-

63 2975 126 3038 que
149 2951 423 3034 corrumpentium
445 2955 626 3038 iterumque
644 2951 805 3016 interdum
824 2954 976 3034 corrupta
994 2972 1054 3035 pro
1074 2974 1132 3017 suo

63 3044 161 3126 captu
184 3038 452 3128 corrigentium*)
476 3040 590 3106 seriem
615 3040 655 3105 ad
676 3062 736 3106 nos
760 3039 954 3124 peruenisse.

140 3251 167 3322 *)
194 3249 376 3305 memorabile
403 3251 485 3305 huius
512 3250 553 3306 rei
580 3251 738 3321 exemplum
765 3251 851 3306 habes
875 3250 915 3304 III
938 3257 963 3319 3,
992 3257 1025 3305 79
1056 3249 1135 3316 ‘Quis

64 3340 179 3394 superos
197 3324 325 3376 metuens
344 3321 450 3391 pariter
467 3323 512 3377 tot
529 3320 649 3391 templa,
671 3323 716 3377 tot
734 3339 796 3377 aras
820 3321 1005 3392 promeruisse
1024 3321 1134 3386 datur'3

62 3396 92 3450 in
116 3393 218 3464 quibus
241 3409 330 3462 praua
353 3394 396 3448 est
420 3409 475 3447 uox
502 3392 653 3464 ‘metuens'
681 3392 916 3462 desideraturque,
942 3393 975 3446 ut
993 3393 1134 3462 perspexit

63 3464 259 3532 Marklandus,
282 3462 360 3518 notio
385 3463 475 3532 qualis
499 3466 543 3518 est
567 3462 722 3533 minister,
748 3463 900 3520 sacerdos'.
938 3463 1051 3561 scripsit
1073 3463 1132 3518 sine

64 3536 149 3592 dubio
176 3536 262 3604 poeta
291 3533 364 3604 ‘quis
393 3533 498 3606 superis
523 3535 633 3604 parens'
664 3536 740 3605 (nam
769 3534 889 3606 ‘parere'
920 3535 965 3590 est
1001 3533 1130 3598 seruire';
