2534 3948
452 231 639 287 sinuraun
657 232 689 288 1.
707 233 741 301 v,
761 239 786 288 1.

77 374 259 440 Florebant
281 373 400 440 hilares
424 376 670 461 inconcussique
694 382 842 461 penates:

76 463 137 529 Nil
160 466 329 528 maestum.
362 463 439 547 quid
463 465 560 550 enim,
583 466 731 550 quamuis
753 465 853 530 infida
876 467 1030 551 leuisque,

75 551 216 616 Caesare
239 555 308 616 tam
332 552 445 617 dextro
468 557 581 637 posset
602 553 747 618 Fortuna
770 554 899 619 timeri?

76 641 236 705 Inucnere
258 641 346 705 uiam
368 640 505 706 liuentia
527 642 605 726 fata,
627 643 780 727 piumque
1098 661 1148 708 145

75 728 219 794 Intrauit
242 730 292 800 uis
316 751 414 795 saeua
436 731 546 796 larem.
584 733 629 796 sio
651 733 747 813 plena
769 731 913 816 maligno

75 818 243 882 Afflantur
265 819 375 882 uineta
397 822 490 903 noto,
514 821 560 884 sic
584 820 652 884 alta
675 821 813 885 senescit

76 904 186 970 Imbro
210 927 302 991 seges
325 906 440 989 nimi0,
464 908 618 992 grauidae
642 909 688 973 sic
711 909 809 974 obuia
831 908 931 992 puppi

75 994 208 1059 Inuidet
231 999 264 1059 et
285 995 367 1060 uelis
392 995 560 1061 adnubilat
584 1019 661 1062 aura
685 997 842 1062 secundis.

77 1082 231 1167 Carpitur
253 1083 406 1148 eximium
427 1085 497 1150 fato
519 1085 669 1150 Priscilla
692 1085 853 1168 decorem3
1098 1101 1148 1150 150

76 1172 224 1248 Qualiter
247 1173 315 1236 alta
338 1193 465 1237 comam
489 1173 772 1258 siluarum-gloria
794 1175 891 1258 pinus

66 1259 142 1324 ‘Seu
165 1259 252 1325 Iouis
275 1261 352 1344 igne
374 1262 462 1326 malo
487 1283 543 1326 seu
565 1263 630 1328 iarn
654 1263 760 1328 radice
784 1263 891 1327 soluta

74 1348 195 1413 Deficit
218 1352 250 1413 ct
272 1350 355 1414 nulli
378 1350 520 1434 spoliata
542 1355 757 1416 remurmurat
780 1372 885 1416 aurae.

76 1437 162 1512 Quid
185 1437 332 1522 probitas
357 1443 413 1502 aut
437 1442 528 1503 easta
549 1439 637 1523 fides,
660 1439 737 1523 quid
760 1440 895 1505 numina
917 1442 1054 1521 prosunt

76 1525 174 1591 Culta
197 1525 313 1591 deum?
350 1525 463 1592 furuae
487 1527 638 1592 miseram
662 1529 783 1592 circum
805 1528 946 1611 undique
969 1526 1027 1590 leti
1096 1542 1146 1590 161

73 1614 249 1679 Uallauere
271 1615 396 1699 plagae,
418 1619 597 1681 tenuantur
620 1616 701 1681 dura
724 1637 871 1680 sororum

73 1703 167 1768 Licia
189 1707 222 1767 et
245 1705 349 1769 exacti
373 1708 521 1788 superest
541 1727 618 1788 pars
641 1704 757 1769 ultima
779 1704 835 1768 fili.

73 1791 133 1856 Nil
155 1792 268 1857 famuli
292 1795 410 1875 coetus,
433 1793 479 1856 nil
503 1815 556 1858 ars
580 1814 717 1876 operosa
739 1793 924 1858 medentum
983 1839 985 1842 -

73 1881 242 1945 Auxiliata
264 1881 374 1966 malis3
398 1882 532 1947 comites
555 1885 666 1947 tamen
689 1882 830 1966 undique
853 1882 928 1946 ficto

75 1972 174 2054 Spem
198 1969 353 2034 simulant
374 1971 476 2054 uultu,
499 1970 629 2035 flentem
652 1973 745 2034 notat
767 1971 825 2034 illa
847 1969 1008 2034 maritum.
1096 1985 1146 2033 160

73 2061 136 2124 Ille
159 2057 255 2123 modo
278 2058 423 2123 infernae
442 2059 661 2144 'nequicquam
683 2058 816 2122 flumina
838 2057 957 2122 Lethes

74 2149 271 2230 Incorrupta
293 2150 401 2232 rogat,
422 2169 508 2214 nunc
532 2148 647 2211 anxius
671 2146 821 2212 omnibus
845 2145 910 2210 aris

71 2236 263 2301 Inlacrimat
286 2235 458 2319 signatque
479 2236 566 2301 fores
591 2239 623 2299 et
645 2238 776 2319 pectore
798 2237 906 2319 terget

71 2324 326 2406 Liminapnunc
349 2325 459 2409 magni
480 2329 577 2390 uocat
600 2324 763 2390 exorabile
785 2345 906 2388 numen

74 2411 236 2478 Caesaris.
272 2411 337 2476 heu
361 2413 458 2478 durus
481 2413 542 2479 fati
564 2415 672 2480 tenor!
709 2416 800 2478 estne
823 2412 909 2496 quod
931 2411 980 2475 illi
1094 2427 1144 2476 165

73 2502 153 2567 Non
176 2499 295 2565 liceat?
319 2501 458 2585 quantae
481 2507 635 2586 poterant
656 2502 848 2568 mortalibus
873 2501 968 2566 annis

71 2589 258 2655 Accessisse
281 2610 401 2672 morae,
425 2591 520 2673 situ,
543 2595 645 2674 pater,
668 2612 763 2656 omne
787 2594 912 2654 teneres

71 2675 280 2743 Arbitrium?
304 2698 399 2742 caeco
423 2680 566 2762 gemeret
588 2700 675 2743 mors
700 2679 791 2744 clusa
813 2677 979 2762 barathro,

70 2768 219 2853 Longius
244 2767 276 2828 et
298 2786 419 2830 uacuae
442 2766 626 2849 posuissent
649 2768 788 2832 stamina
810 2766 940 2831 Parcae

70 2865 207 2942 Iamque
230 2852 350 2918 eadunt
372 2854 482 2919 uultus
507 2854 669 2956 oculisque
692 2855 888 2920 nouissimus
913 2875 1001 2918 error
1093 2871 1143 2920 110
1261 2869 1262 2880 ³

72 2946 302 3030 Optunsaeque
327 2964 430 3026 aures,
452 2943 516 3007 nisi
540 2964 612 3008 cum
636 2965 699 3008 uox
723 2944 793 3008 sola
816 2943 927 3006 mariti

69 3033 241 3116 Noscitur3
263 3031 355 3096 illum
378 3053 479 3095 unum
502 3030 608 3094 media
631 3031 669 3095 de
692 3034 795 3095 morte
818 3051 966 3094 reuersae

145 3301 196 3350 148
216 3295 349 3366 grauidae
367 3293 497 3364 scripsit
518 3293 535 3347 1.
553 3309 581 3362 p.
601 3297 672 3349 261:
690 3291 805 3362 rapidae
824 3299 842 3345 6
861 3312 878 3345 a
895 3294 905 3362 11
926 3298 976 3347 149
996 3292 1143 3348 obnubilat

69 3371 116 3426 uel
135 3313 473 3435 0111111111111111156
492 3366 644 3420 tenuentur
658 3363 754 3446 Dom3.
771 3364 892 3421 tendunt
879 3366 926 3421 tur
944 3366 1140 3429 (11111111-

68 3437 207 3496 dantur?
221 3441 231 3507 ΙΙ
245 3445 297 3494 160
315 3438 380 3505 fort
398 3439 480 3492 notat
497 3437 641 3504 11111161
661 3433 778 3488 numina
795 3435 899 3490 Lethes
915 3435 1136 3521 111111111111171

68 3513 154 3568 mutis
168 3511 221 3565 nisi
240 3509 314 3579 quod
328 3511 338 3578 11
353 3514 403 3563 172
423 3512 571 3564 reuersae
590 3525 615 3577 a,
634 3505 858 3561 wilisiarius

891 3594 928 3647 98

1260 3541 1262 3679 l
