2534 3960
437 205 625 261 SILUARUM
643 204 674 262 L.
693 205 727 274 Π,
747 211 772 259 6.
1093 203 1136 270 57

62 349 101 415 Si
121 353 191 415 tam
210 349 289 415 dura
307 351 446 434 placent,
467 349 633 414 hominem
652 350 826 434 exprobret
850 347 893 434 (ei
916 349 1010 414 mihi!
1035 349 1137 416 subdo

61 439 143 522 Ipse
166 435 278 525 faces),
300 439 473 524 hominem,
495 437 588 524 Urse,
610 441 712 522 tuum,
735 439 787 502 oui
808 430 900 503 dulce
923 439 1046 504 uolenti
1104 453 1136 503 15

63 526 254 612 seruitium,
277 527 328 592 eui
350 527 445 592 triste
468 526 561 612 nihil,
583 527 639 611 qui
661 529 777 610 sponte
800 526 927 611 sibique

63 614 269 698 Imperiosus
292 618 370 680 erat.
416 615 565 700 quisnam
589 615 669 680 haee
692 615 728 679 in
749 615 864 680 funera
886 615 1004 680 missos
1029 609 1038 619 ’

65 703 368 788 castigaturus?
391 703 493 789 gemit
514 704 601 768 inter
623 704 708 769 bella
730 706 934 787 peremptum

62 791 211 856 Parthus
235 813 362 877 equum,
384 791 529 876 fidosque
548 813 647 862 cenes
666 791 781 857 fleuere
804 791 955 876 Molossi,

65 879 117 944 Et
141 879 288 945 uolucres
311 879 453 944 habuere
476 901 592 966 rogum
616 901 793 966 ceruusque
815 880 992 946 Maronem.
1102 894 1137 945 20

66 967 168 1053 Quid,
191 968 219 1032 si
240 989 299 1032 nec
322 967 486 1033 famulus?
509 968 577 1033 uidi
599 968 669 1052 ipse
693 969 881 1054 animosque
904 969 1017 1033 notaui

67 1057 118 1120 Te
142 1059 269 1121 tantum
293 1056 452 1140 cupientis
476 1078 579 1140 erum3
603 1057 659 1122 sed
683 1058 787 1122 maior
808 1058 844 1122 in
867 1078 922 1123 ore

65 1143 212 1228 Spiritus
237 1149 269 1210 et
291 1147 404 1210 tenero
428 1145 593 1209 manifesti
615 1145 652 1209 in
675 1146 831 1230 sanguine
854 1165 969 1211 mores.

64 1232 231 1316 Optarent
252 1233 391 1300 multum
414 1231 531 1297 Graiae
554 1236 770 1317 cuperentque
792 1233 928 1298 Latinae

66 1320 126 1386 Sic
149 1321 312 1405 peperisse
334 1343 445 1386 nurus.
489 1342 557 1386 non
578 1323 678 1384 talem
698 1319 815 1387 Cressa
838 1320 1012 1406 superbum
1103 1335 1136 1385 ‘ro

65 1407 195 1474 Callida
218 1410 358 1475 sollicito
381 1409 547 1474 reuocauit
568 1409 695 1474 Thesea
717 1411 782 1494 filo,

64 1496 141 1562 Nec
161 1496 256 1562 Paris
279 1497 429 1562 Oebalios
452 1498 529 1562 talis
553 1499 681 1562 uisurus
705 1519 830 1563 amores

65 1585 225 1652 Rusticus
247 1586 367 1651 inuitas
391 1586 508 1650 deiecit
530 1586 565 1650 in
589 1607 728 1671 aequora
751 1587 856 1669 pinus.

66 1671 148 1738 Non
169 1673 248 1738 fallo
272 1677 329 1738 aut
351 1676 466 1738 cantus
490 1678 621 1739 assueta
643 1673 775 1740 licentia
798 1675 901 1740 ducit:

64 1760 148 1826 Uidi
171 1765 204 1826 et
226 1761 330 1827 adhuc
352 1762 455 1845 uideo,
479 1762 608 1847 qualem
631 1783 690 1828 nec
708 1762 794 1827 bella
817 1766 985 1828 canentem
1102 1780 1136 1830 30
1205 1835 1211 1849 ,

66 1849 181 1915 Litore
203 1849 351 1935 uirgineo
374 1849 488 1915 Thetis
512 1851 687 1917 occultauit
708 1850 879 1934 Achillem,

66 1937 140 2003 Nec
164 1939 283 2003 circum
306 1938 396 2003 saeui
417 1939 598 2024 fugientem
621 1940 749 2004 moenia
771 1940 894 2004 Phoebi

67 2025 206 2091 Troilon
226 2025 427 2092 Haemoniae
450 2027 620 2111 deprendit
641 2028 752 2092 lancea
775 2029 916 2093 dextrae.

70 2113 184 2190 Qualis
207 2135 278 2179 eras
297 2115 412 2198 procul
436 2117 490 2180 en!
515 2116 640 2186 cunctis
663 2116 834 2199 puerisque
856 2116 997 2199 uirisque

67 2201 241 2267 Pulchrior
264 2206 297 2267 et
318 2205 448 2267 tantum
472 2203 603 2268 domino
626 2203 746 2268 minor!
770 2204 856 2268 illius
879 2225 962 2269 unus
1103 2220 1136 2270 ab

68 2291 160 2355 Ante
180 2291 284 2375 decor,
307 2294 465 2374 quantum
487 2291 657 2376 praecedit
674 2292 761 2357 clara
783 2293 923 2358 minores

67 2377 165 2443 Luna
186 2379 275 2443 iaces
298 2382 520 2465 quantumque
543 2380 625 2446 alios
647 2381 766 2464 premit
786 2380 949 2464 Hesperos
973 2381 1075 2465 ignea.

69 2465 149 2531 Non
170 2467 233 2531 tibi
255 2466 432 2532 femineum
455 2469 550 2533 uultu
573 2468 670 2533 decus
693 2489 812 2552 oraque
835 2489 933 2552 supra

67 2554 181 2620 Mollis
202 2554 307 2620 honos
331 2554 445 2641 (quali,
466 2557 583 2622 dubiae
606 2579 687 2641 quos
710 2557 846 2622 crimina
867 2558 991 2622 formae

67 2642 121 2708 De
145 2663 223 2707 sexu
245 2645 385 2708 transire
408 2645 542 2731 iubent),
565 2667 731 2729 paruoque
753 2645 858 2710 uirilis
1103 2659 1137 2712 40

71 2729 201 2814 Gratia3
224 2752 284 2795 neo
307 2732 458 2815 petulans
482 2735 567 2799 acies
590 2734 764 2818 blandique
789 2755 902 2800 seuero

67 2963 285 2974 ...--—-—

142 3105 177 3152 14
195 3098 345 3168 exprobret
362 3100 475 3168 scepei:
493 3099 620 3170 gemina
643 3106 700 3156 ce.
718 3119 746 3156 a.
767 3107 801 3156 10
826 3104 830 3169 Ι
854 3101 944 3156 heia:
963 3103 1050 3157 heus
1071 3105 1081 3174 Ι]
1105 3109 1137 3160 1e

67 3169 184 3227 sibimet
202 3169 325 3235 Mac&
346 3171 443 3224 mlius
466 3171 600 3226 Habitus
622 3171 676 3226 sibi
693 3171 753 3242 ipse
767 3174 825 3242 {120
841 3188 924 3243 rogos
940 3175 958 3228 ς
974 3173 1139 3242 illatorem

68 3241 291 3310 Pmaompea
319 3257 435 3296 marone
463 3247 480 3293 c
506 3242 630 3296 maronis
657 3259 674 3294 a
695 3243 705 3311 ΙΙ
728 3248 760 3297 21
782 3242 945 3314 animosque
961 3245 1003 3303 ed.
1028 3245 1138 3302 Pom:

66 3310 239 3380 habitusque
254 3316 298 3363 oa
310 3312 320 3380 ΙΙ
334 3317 367 3365 22
383 3310 520 3380 capientis
534 3313 669 3368 Heinsius
681 3315 691 3381 l
705 3317 739 3368 28
754 3313 872 3369 Troasin
884 3313 991 3370 inuisas
1006 3316 1111 3373 Morti.
1129 3317 1139 3388 ll

66 3389 103 3437 39
123 3379 202 3450 quali
218 3383 332 3449 carpsi:
350 3382 442 3452 qualis
461 3388 479 3434 c
497 3400 514 3435 a
532 3384 630 3452 quales
647 3385 707 3438 edd.
737 3385 742 3452 Ι
768 3400 837 3452 quoe
859 3386 972 3455 mabri:
993 3390 1059 3456 post
1082 3393 1100 3440 ο
1122 3406 1139 3440 a

71 3449 236 3507 discrimina
256 3452 360 3506 Marti.
375 3455 433 3522 {140
450 3469 594 3522 paruoque
612 3454 685 3510 edd:
703 3455 842 3524 toruoque
859 3459 883 3508 Δ
900 3458 1037 3526 toruaque
1056 3463 1074 3509 c
