2534 3960
275 240 306 294 P.
324 227 600 295 Parrmr‘srlru
620 240 857 297 1111111111.
877 240 911 310 11,
931 248 955 295 1.
1108 241 1149 306 31

69 385 149 450 stili
182 384 374 450 facilitatem
406 385 457 450 leo
481 389 684 470 mansuetus,
716 407 811 472 quem
844 386 879 451 in
912 385 1151 471 amphitheatro

65 477 281 556 prostratum
294 473 448 560 frigidum
463 479 541 558 crat,
555 475 773 541 sacratissimo
784 475 977 558 Imperatori
990 476 1026 540 ni
1040 476 1151 540 statim

67 561 251 628 traderem.
278 561 320 626 ad
333 561 454 627 Ursum
473 583 600 647 quoque
618 567 776 647 nostrum,
794 563 945 628 iuuenem
963 564 1150 628 candidissi-
1169 579 1203 628 20

69 671 170 714 mum
197 653 230 714 et
256 651 325 716 sine
353 650 479 715 iactura
506 651 647 716 desidiae
670 652 906 736 doctissimum,
934 652 1088 735 scriptam
1111 653 1150 716 de

70 739 201 802 amisso
227 760 329 823 puero
356 740 611 805 consolationem
645 761 741 824 super
768 762 806 805 ca
833 760 920 824 quac
951 740 1015 824 ipsi
1048 739 1149 805 debeo

70 827 155 890 huic
172 827 256 893 libro
275 827 416 892 libenter
433 827 563 912 inserui,
587 828 662 912 quia
680 829 837 894 honorem
856 828 925 893 eius
943 828 1003 892 tibi
1026 829 1150 892 laturus

72 919 250 998 acceptum
273 917 331 980 est.
368 916 468 980 cludit
489 917 643 981 uolumen
666 916 894 1001 genethliacon
912 915 1042 1001 Irucani,
1065 917 1151 1000 quod

71 1003 175 1068 Polla
186 1003 395 1089 Argentaria,
413 1005 591 1070 clarissima
608 1023 753 1090 uxorum,
772 1025 845 1070 cum
863 1005 950 1069 hunc
964 1005 1049 1068 diem
1067 1005 1151 1068 forte
1170 1021 1204 1070 as

74 1100 357 1177 consecraremus,
379 1094 533 1177 imputari
557 1093 619 1158 sibi
641 1094 754 1158 uoluit.
797 1113 858 1178 ego
881 1114 948 1158 non
971 1093 1063 1176 potui
1086 1115 1152 1158 ma-

72 1181 183 1245 iorem
214 1180 300 1244 tanti
342 1182 482 1246 auctoris
522 1179 645 1264 habere
680 1182 896 1246 reuerentiam
933 1202 1029 1266 quam
1067 1181 1152 1265 quod

75 1268 195 1334 laudes
214 1268 283 1333 eius
303 1268 445 1334 (licturus¹
464 1270 668 1335 hexametros
687 1292 776 1337 meos
794 1271 899 1334 timui.
934 1270 1015 1334 haec
1033 1269 1153 1353 qualia-

75 1378 218 1440 cumque
248 1359 338 1441 sunt,
361 1357 478 1423 Melior
501 1359 678 1442 carissime,
699 1360 727 1423 si
750 1359 811 1424 tibi
832 1380 901 1424 non
923 1358 1152 1442 displicuerint,

74 1467 97 1508 a
122 1449 158 1509 te
179 1445 347 1529 publicum
369 1447 542 1530 accipiant,
565 1448 593 1511 si
615 1447 733 1532 minus,
756 1446 797 1511 ad
819 1469 876 1521 mc,
893 1451 1105 1511 reuertentur.
1170 1463 1205 1512 30

601 1710 625 1774 I.

246 1845 427 1902 GLAUCIAS
447 1847 572 1902 ATEDII
590 1848 764 1905 MELIORIS
784 1847 985 1904 DELICATUS

80 1954 175 2031 Quod
197 1955 258 2022 tibi
280 1957 456 2040 praerepti,
478 1955 610 2041 Melior,
631 1959 779 2026 solamen
794 1959 937 2041 alumni,

78 2043 241 2127 inprobus
265 2047 462 2130 antercgos
485 2049 519 2110 et
541 2046 644 2112 adhuc
667 2047 798 2110 uiuente
819 2046 933 2112 fauilla

83 2131 223 2197 Ordior?
247 2133 393 2217 abruptis
417 2133 515 2199 etiam
537 2155 625 2200 nunc
646 2134 755 2200 flebile
778 2135 869 2199 uenis

80 2219 208 2285 Uulnus
231 2221 310 2304 hiat,
332 2225 649 2306 magnaequepatet
670 2223 724 2287 uia
746 2222 870 2288 lubrica
891 2223 1016 2308 plagae.

82 2307 163 2373 (lum
185 2309 251 2373 iam
274 2314 403 2393 egomet
425 2313 540 2376 cantus
563 2314 598 2374 et
617 2311 718 2376 uerba
740 2311 900 2376 medentia
923 2311 1029 2376 saeuis
1187 2329 1204 2377 s

82 2395 232 2481 Confero,
253 2401 290 2461 tu
312 2398 463 2480 planctus
486 2399 693 2482 lamentaqoe
716 2399 814 2464 fortia
836 2400 939 2464 mauis

82 2483 248 2569 Odistique
271 2483 390 2569 chelyn
412 2485 572 2570 surdaque
593 2487 750 2552 'auerteris
772 2509 857 2554 aure.

81 2573 282 2657 intempesta
304 2594 399 2638 cano:
423 2573 517 2640 citius
540 2597 592 2642 me
614 2577 709 2660 tigris
732 2575 857 2642 abactis

82 2660 214 2726 Fetibus
237 2661 406 2746 orbatique
428 2663 531 2728 uelint
553 2664 663 2730 ardue
685 2664 805 2730 leones.

83 2747 150 2814 Nec
172 2749 200 2814 si
222 2751 438 2835 tergeminum
461 2749 570 2817 Sicula
593 2753 632 2816 de
654 2752 780 2837 uirgine
804 2774 933 2818 carmen
1171 2778 1205 2826 rc

84 2836 207 2902 Affluat
229 2841 287 2904 aut
310 2838 401 2903 siluis
425 2839 536 2922 chelys
559 2841 725 2910 intellecta
747 2840 900 2926 ferisque,

85 2923 225 2991 Mulceat
246 2927 393 2994 insanos,
405 2928 555 3012 gemitus.
589 2933 657 2995 stat
677 2932 807 3013 pectore
830 2929 963 2996 demens

83 3013 200 3078 Luctus
224 3019 256 3078 ot
279 3013 410 3081 admoto
433 3016 556 3080 latrant
578 3017 766 3100 praecordia
788 3023 887 3084 tactu.

84 3101 184 3168 Nemo
207 3105 312 3167 uetat:
337 3103 454 3168 satiare
477 3105 572 3169 malis
595 3125 791 3191 aegrumque
814 3106 958 3172 dolorem

155 3279 403 3348 1411119111,
422 3293 490 3334 corr.
510 3275 591 3342 Dora.
617 3280 621 3346 Ι
647 3280 696 3334 est.
716 3277 806 3333 cludit
825 3279 1007 3349 Modaiptac:
1026 3283 1151 3338 excludit

86 3345 328 3416 capitoliades.
347 3353 383 3402 h:
403 3346 496 3403 caries.
517 3355 535 3400 0
552 3351 563 3416 l
581 3355 616 3404 26
635 3365 858 3405 consecraremus
877 3349 1033 3407 Atlantica:
1053 3370 1150 3408 oonsu-

84 3419 199 3473 lercmus
218 3423 236 3469 c
254 3423 288 3486 et,
305 3423 338 3472 ct
355 3421 425 3486 aid,
442 3424 466 3471 Δ
484 3419 690 3474 consideremus
710 3425 729 3474 ς

154 3489 173 3543 I.
200 3493 225 3558 ὅ,
244 3495 260 3544 t
280 3506 380 3545 saeuus
400 3491 443 3560 (Δ)
463 3489 585 3546 Conserc
604 3497 630 3560 0,
649 3507 717 3546 corr.
737 3509 760 3563 a·
