2534 3960
386 231 587 290 'SILUARUM
606 233 638 292 L.
656 233 692 303 11,
711 241 736 291 2.

34 379 167 443 Pieriis
191 399 329 464 aequare
352 379 465 443 modis.
510 378 565 444 uix
587 379 700 444 ordine
723 379 823 464 longo

35 467 206 532 Sufleeere
229 467 323 549 oculi,
345 467 409 551 uix,
431 466 508 532 dum
530 486 589 550 per
611 467 744 552 singula
765 467 876 552 ducor,

36 555 206 620 Suffecere
230 555 358 640 gradus.
400 577 487 640 quae
508 559 619 620 reruni
639 555 749 621 turba!
772 556 877 620 locine

35 644 217 730 Ingenium
240 662 284 708 an
306 643 427 708 domimi
448 643 547 708 mirer
568 643 681 727 prius?
702 645 783 710 haec
805 644 920 710 domus
943 648 1034 712 ortus
1076 661 1111 712 45

35 731 171 817 Aspicit
193 736 227 797 et
248 730 372 798 Phoebi
394 735 542 797 tenerum
563 731 672 815 iubar,
695 733 753 798 illa
775 733 943 798 cadentem
966 747 969 752 “
1092 769 1095 778 ·

34 819 179 885 Detinet
200 824 411 905 exactamque
432 824 534 905 negat
554 820 717 886 dimittere
740 821 854 906 lucem,

36 907 127 974 Oum
149 910 215 973 iam
237 909 325 974 fessa
347 909 416 973 dies
438 909 529 972 etin
552 927 692 992 aequora
714 910 952 994 montis-opaci

36 995 169 1062 Umbra
193 997 278 1062 cadit
297 997 469 1082 uitreoque
491 1000 607 1062 natant
629 997 792 1081 praetoria
812 1003 923 1082 ponto.

36 1084 133 1150 Haec
155 1085 264 1170 pelagi
287 1085 429 1151 clamore
450 1085 601 1170 fremunt,
623 1086 703 1151 haec
725 1090 812 1151 tecta
835 1105 972 1152 sonoros
1075 1102 1111 1153 oo

35 1175 201 1259 Ignorant
222 1173 338 1238 fluctus
361 1177 528 1258 tostaeque
552 1174 683 1239 silentia
704 1175 839 1240 malunt.

35 1262 103 1327 His
126 1261 210 1326 fauit
231 1265 349 1327 natura
371 1262 460 1344 locis,
483 1262 534 1327 his
556 1263 645 1327 aicta
665 1263 787 1328 colenti

41 1349 154 1415 Cessit
176 1353 209 1415 ct
230 1351 362 1436 ignotos
384 1351 499 1416 docilis
522 1352 707 1417 manruauit
726 1351 763 1416 in
785 1368 871 1417 usus.

37 1437 138 1504 Mons
162 1442 232 1504 erat
253 1439 316 1524 hic,
337 1439 394 1504 ubi
416 1439 515 1525 plana
536 1439 641 1523 uides,
666 1444 699 1504 et
721 1440 825 1506 lustra
847 1441 988 1526 fuerunt,

38 1527 133 1602 Quae
151 1549 238 1592 nunc
256 1530 344 1592 tecta
360 1527 464 1609 suhis3
487 1527 543 1592 uti
560 1549 647 1591 nunc
664 1546 799 1593 nemora
812 1529 913 1594 ardua
929 1529 1043 1614 cernis,
1075 1543 1110 1594 ot

39 1615 107 1680 Hic
130 1637 190 1681 nec
211 1618 300 1681 terra
321 1615 394 1680 fuit.
439 1615 564 1681 domuit
585 1635 763 1699 possessor,
785 1620 819 1681 et
839 1617 934 1682 illum

40 1703 254 1769 Formautem
275 1725 372 1788 rupes
387 1707 699 1789 'expugnantemque
721 1709 832 1770 secuta

41 1792 173 1858 Gaudet
194 1793 321 1857 humus.
365 1813 453 1878 nunc
474 1811 568 1856 cerne
590 1792 702 1876 iugum
726 1791 883 1858 discentia
904 1816 983 1859 saxa

40 1880 272 1965 Intrantesque
294 1881 404 1946 domos
427 1881 613 1964 iussumque
635 1881 782 1946 recedere
805 1885 956 1947 muntem.

41 1969 115 2034 Iam
137 1968 359 2053 Methymnaei
381 1969 466 2034 uatis
490 1987 605 2034 manus
628 1971 661 2034 et
684 1970 794 2054 chelys
817 1971 876 2035 illa

41 2057 186 2123 Thebais
210 2061 243 2122 et
265 2056 371 2123 Getici
393 2057 486 2123 cedat
508 2057 569 2122 tibi
592 2057 697 2142 gloria
719 2058 847 2141 plectri:

39 2145 88 2209 Et
109 2149 147 2210 tu
169 2168 248 2210 saxa
270 2128 400 2231 mouth)
413 2150 446 2211 et
468 2149 502 2210 tc
524 2166 658 2210 nemora
681 2147 748 2210 alta
771 2148 932 2211 secuntur.

41 2233 128 2310 Quid
150 2234 289 2300 referam
312 2238 438 2300 ueteres
460 2253 614 2318 ceraeque
643 2235 789 2320 aerisque
811 2233 954 2320 figuras?

43 2321 80 2387 Si
103 2321 179 2407 quid
200 2321 330 2406 Apellei
352 2323 496 2408 gaudent
518 2323 679 2388 animasse
702 2323 835 2402 colores,

43 2409 80 2475 Si
104 2411 181 2494 quid
204 2411 308 2476 adhuc
331 2433 442 2496 uacua,
464 2414 574 2476 tomen
598 2410 797 2494 admirabile,
818 2411 895 2476 Pisa

42 2498 217 2564 Phidiacae
239 2518 347 2565 rasere
369 2521 495 2584 manus,
518 2498 603 2584 quod
625 2500 666 2564 ab
689 2503 759 2565 arte
782 2498 929 2583 Myronis

43 2587 113 2652 Aut
134 2586 318 2672 Polycleteo
340 2589 464 2653 iussum
486 2588 645 2672 estquod
667 2589 778 2653 uiuere
800 2588 899 2672 caelo,

43 2677 194 2760 Aeraque
218 2677 259 2741 ab
282 2677 466 2742 Isthmiacis
490 2694 568 2741 auro
591 2677 720 2760 potiora
741 2677 876 2760 fauillis,

43 2762 109 2829 Ora
132 2764 249 2830 ducum
272 2785 309 2830 ac
331 2769 444 2830 uatum
467 2766 713 2850 sapientumque
737 2785 795 2830 ora
817 2766 971 2850 priorum,

44 2853 134 2930 Quos
156 2853 219 2918 tibi
241 2874 319 2920 cura
342 2855 442 2938 requi,
465 2875 545 2938 quos
568 2856 639 2920 toto
663 2857 791 2937 pectore
815 2855 924 2938 sentis,
1077 2869 1110 2919 το

41 2941 170 3029 Expers
194 2963 343 3007 curarum
367 2945 463 3027 atque
488 2943 631 3006 animum
654 2942 775 3006 uirtute
799 2943 906 3026 quieta

43 3030 252 3114 Compositus
276 3052 465 3115 semperque
487 3033 571 3096 tuus.
617 3030 694 3115 quid
717 3030 804 3095 mille
827 3029 994 3096 reuoluam

113 3354 148 3402 n
166 3347 257 3403 locine
276 3352 311 3402 r:
334 3346 426 3402 aaa
444 3352 463 3398 c
479 3348 490 3416 y
507 3350 542 3401 rr
561 3345 702 3415 nupera
720 3343 849 3413 narrar
869 3305 902 3400 cc
921 3345 971 3408 rua
990 3345 1110 3401 Maca:

45 3435 98 3472 una
117 3424 134 3470 c
151 3436 170 3470 a
186 3419 235 3472 uni
253 3418 424 3474 Semaderae
441 3419 451 3488 I
470 3422 504 3473 65
524 3415 554 3472 Si
568 3417 635 3487 quid
649 3415 815 3486 Olympiaca
833 3415 926 3471 famae
945 3416 1110 3471 admirabile

46 3489 148 3543 Martl.
163 3489 172 3556 ΙΙ
187 3493 220 3543 69
239 3504 273 3543 ac
291 3494 322 3543 οε
342 3491 370 3543 et
389 3493 407 3542 ς
426 3507 443 3541 a
456 3491 466 3559 ΙΙ
480 3493 512 3543 71
531 3489 678 3542 turbarum
698 3487 803 3542 Marti.
