2534 3948
303 325 310 334 ι
444 247 631 305 euoenon
648 247 679 304 1.
697 227 733 317 t,
751 253 777 304 4.

73 389 179 478 Scipio
204 393 253 460 cic
275 393 388 477 plenos
411 391 506 457 Latio
529 390 607 457 Ioue
630 393 745 458 ducere
767 413 900 460 somnos

73 476 223 546 Creditus
247 479 404 546 Ausoniis
428 484 462 546 et
483 501 552 546 non
574 481 644 546 aine
666 479 819 566 Apolline
843 479 942 547 Sulla.

578 743 635 810 IV.

533 899 714 958 solinus„

72 1042 218 1110 Crimine
241 1066 306 1131 quo
327 1043 440 1129 merui,
462 1043 590 1110 iuuenis
612 1041 831 1129 placidissime
853 1045 975 1132 diuum,

73 1132 186 1210 Quoue
210 1153 319 1198 errore
343 1131 450 1217 miser,
472 1131 567 1198 donia
590 1137 629 1197 ut
651 1133 738 1198 aolus
762 1153 899 1219 egerem,

73 1219 203 1306 Somne,
225 1219 314 1286 tuis?
335 1223 424 1286 tacet
446 1242 541 1286 omne
563 1241 661 1306 pecua
684 1222 894 1308 uolucresque
916 1222 1067 1310 feraeque

71 1308 118 1375 Et
141 1308 300 1374 simulant
319 1309 424 1374 fessos
447 1311 581 1374 curuata
604 1309 771 1374 cacumina
789 1331 931 1396 aomnoa,

72 1396 142 1464 Nec
165 1396 311 1464 trucibus
334 1397 443 1462 fluuiis
466 1397 552 1463 idem
576 1419 690 1482 sonua3
714 1397 831 1464 occidit
852 1398 968 1464 horror
1031 1455 1039 1470 .
1126 1415 1146 1468 1

72 1484 247 1571 Aequoris,
269 1488 303 1550 et
324 1485 420 1550 terrie
442 1485 547 1551 maria
569 1485 729 1552 acclinata
752 1487 930 1572 quiescunt.

74 1572 221 1659 Septima
241 1574 309 1640 iarn
331 1573 458 1640 rediens
481 1571 612 1640 Phoebe
635 1573 716 1639 mihi
738 1574 871 1659 respicit
894 1595 1009 1662 aegras

73 1660 170 1728 Stare
192 1683 308 1748 genas;
330 1661 468 1728 totidem
490 1662 629 1729 Oetaeae
652 1661 858 1749 Paphiaeque
881 1663 1030 1729 renident

72 1749 256 1835 Lampadas
279 1753 313 1815 et
334 1749 456 1817 totiens
479 1754 611 1817 nostros
635 1749 789 1816 Tithonia
812 1753 945 1838 questus

72 1837 236 1904 Praeterit
258 1841 291 1904 et
336 1838 420 1904 elido
443 1838 549 1924 parcit
570 1839 725 1906 miserata
746 1839 887 1925 flagello.
1109 1855 1147 1908 10

72 1925 168 1993 Unde
192 1947 252 2012 ego
276 1949 291 1991 a
352 1926 458 1992 ciam?
481 1948 548 1992 non
572 1931 650 1993 eunt
672 1926 753 1993 mihi
775 1928 900 1994 lumina
921 1929 1019 2010 mille,

74 2015 165 2093 Quae
188 2037 279 2080 aaeer
302 2016 428 2080 alterna
449 2017 579 2081 tantum
603 2016 743 2082 statione
766 2016 900 2082 tenebat

73 2102 185 2190 Argus
209 2107 242 2170 et
262 2103 351 2170 haud
372 2125 527 2190 umquam
549 2103 709 2190 uigilabat
726 2125 859 2190 corpore
881 2106 962 2170 toto.

73 2190 122 2256 At
143 2214 231 2257 nunc
252 2191 321 2257 fors
344 2189 462 2278 aliquis
484 2192 584 2279 longa
607 2192 668 2258 suh
686 2196 781 2259 nocte
803 2192 931 2278 puellae

72 2279 216 2347 Brachia
236 2302 321 2346 nexa
342 2283 458 2346 tenens
482 2280 569 2346 ultro
591 2283 635 2366 te,
658 2278 787 2367 Somne,
810 2281 948 2366 repellit.
1109 2295 1145 2348 15

72 2367 155 2436 Inde
177 2369 255 2435 ueni
276 2389 337 2436 nec
358 2371 392 2434 te
411 2371 499 2435 totae
518 2367 688 2435 infundere
710 2391 835 2456 pennas

73 2455 269 2523 huminibus
292 2458 450 2542 compello
474 2457 554 2522 meis
578 2454 653 2544 (hoc
675 2457 774 2523 turba
795 2459 945 2543 precetur

72 2543 235 2632 Laetior):
258 2548 401 2612 extremo
424 2567 478 2611 me
498 2549 598 2631 tange
621 2546 786 2612 cacumine
808 2565 922 2632 uirgae

75 2631 236 2721 (Sufficit)
258 2638 316 2700 aut
337 2633 454 2699 leuiter
478 2655 636 2719 suspenso
659 2632 782 2719 poplite
804 2635 919 2701 hausi.

72 2848 289 2858 -----

145 3003 200 3056 293
219 2997 341 3056 creditur
359 3005 377 3051 c
395 3019 421 3069 a,
439 3015 508 3058 corr.
528 2999 663 3056 Haecine
677 3001 685 3071 Ι
698 3015 750 3056 nec
767 3017 825 3056 uon
843 3006 862 3053 ⁰
880 3019 898 3054 a

145 3067 195 3126 IV.
220 3069 339 3126 Somnus
360 3074 385 3124 A
408 3077 439 3124 c:
461 3071 507 3126 Ad
526 3069 659 3126 Somnum
677 3074 747 3142 ⁸l8
770 3070 900 3127 renident
920 3071 1021 3142 accipet
1043 3070 1061 3125 1.
1080 3071 1145 3142 tp.

72 3145 147 3199 263:
169 3141 295 3197 renitent
316 3145 340 3195 A
362 3146 381 3193 G
404 3141 532 3197 reuiaunt
553 3141 695 3214 11111110
717 3141 810 3226 parcit
832 3141 1015 3198 sarm:
1037 3140 1149 3212 spargit

73 3217 128 3266 ca
149 3211 245 3284 tangit
268 3211 374 3268 Morti.
396 3213 553 3283 {proporat
575 3213 592 3268 1.
616 3213 634 3270 1.
657 3211 728 3267 miln
751 3228 813 3268 aera
834 3213 881 3267 uel
901 3211 972 3266 mihi
989 3213 1144 3282 saeualll

73 3285 141 3338 aunt
162 3283 264 3353 accipet
285 3284 303 3339 1.
322 3283 355 3340 t:
379 3283 545 3354 11011111
566 3281 643 3349 Quae
661 3281 742 3338 nater
759 3283 965 3353 Hehmuafl'u
983 3282 1021 3337 Et
1039 3282 1145 3338 Maria.

74 3353 79 3426 Ι
100 3353 261 3478 foralidem:
279 3353 349 3408 heus
368 3357 386 3406 0
405 3372 422 3406 ι
439 3355 495 3408 heu
514 3355 604 3424 3111?
622 3355 754 3424 precatur
772 3358 789 3406 (1
808 3371 833 3423 a,
852 3367 922 3410 corr.
937 3355 1028 3424 (11119
1046 3353 1148 3408 leuiter

71 3428 96 3478 A
115 3429 147 3478 e:
179 3424 290 3481 euicta
