2534 3948
431 227 621 284 smusauu
637 228 669 284 u.
688 228 723 298 v,
741 233 767 283 a.

65 373 115 438 'I'u
139 373 235 457 deris,
258 371 414 457 Crispina,
437 373 526 457 mihi,
548 394 729 458 cuneosque
752 394 810 456 per
833 393 946 438 omnes

64 461 113 526 Te
136 475 228 526 meus
253 462 421 526 absentem
441 462 723 547 circumspectabit
744 461 898 526 Achilles.

64 548 129 615 Sed
152 551 265 615 uenies
288 550 403 614 melior
426 548 554 634 (uatum
576 571 644 616 non
665 550 759 615 irrita
782 545 919 614 currunt

63 636 215 726 Omina);
233 640 351 725 quique
370 639 494 722 aquilas
513 638 575 703 tibi
594 660 680 704 nunc
699 643 732 703 et
749 641 856 703 cosma
874 637 1018 722 recludit,
1081 651 1132 702 166

61 727 156 792 Idem
179 749 292 793 omnes
315 727 455 812 perferre
478 727 598 812 gradus
621 727 771 813 cingique
795 727 942 810 superbis

62 815 224 882 Fascibus
247 820 281 881 et
302 816 426 900 patrias
449 815 541 881 dabit
562 816 721 881 insedisse
743 815 879 880 curules.

63 903 130 970 Sed
153 906 224 990 quis
249 906 290 970 ab
314 904 449 970 excelsis
473 903 632 969 Troianae
655 904 791 970 collibus
816 904 928 986 Albae,

61 991 160 1059 Unde
183 1015 259 1058 suae
282 994 374 1058 iuxta
395 996 583 1078 prospectat
603 994 734 1058 moenia
755 992 878 1057 Romae

8 1121 9 1128 κ
61 1081 234 1146 Proximus
257 1082 312 1146 ille
335 1082 423 1165 deus,
445 1081 534 1146 fama
555 1082 701 1147 uelocior.
719 1083 822 1146 intrat

61 1167 208 1235 Nuntius
232 1173 328 1255 atque
345 1173 420 1234 tuos
437 1170 562 1255 implet,
580 1168 738 1255 Orispine,
754 1169 911 1255 penates?

61 1258 221 1323 Dicebam
244 1263 344 1324 certe:
367 1262 480 1325 uatum
503 1281 570 1324 non
592 1259 685 1324 irrite
706 1262 840 1324 currunt

61 1347 221 1432 Auguria.
267 1349 320 1411 en!
344 1348 458 1432 ingens
481 1351 605 1412 reserat
626 1348 689 1412 tibi
711 1349 809 1413 limen
831 1347 993 1412 honorum

64 1434 187 1500 Caesar
209 1439 243 1500 et
265 1436 404 1500 Ausonii
427 1435 603 1501 committit
625 1437 737 1500 munia
759 1436 846 1500 ferri.

62 1524 165 1607 Uada
187 1546 276 1609 puer,
298 1525 463 1609 tantisque
486 1525 598 1588 enixus
622 1523 734 1588 suffice
757 1523 864 1607 donis,

61 1611 165 1697 Felix,
187 1614 242 1698 qui
264 1634 385 1699 magno
408 1614 473 1678 iam
496 1633 583 1677 nunc
607 1612 668 1677 sub
691 1610 838 1696 praeside
860 1612 948 1676 iuras

63 1700 188 1786 Cuique
212 1722 302 1766 sacer
324 1703 464 1785 primum
486 1700 588 1765 tradit
610 1700 821 1766 Germanicus
845 1699 969 1764 ensem!

63 1788 143 1854 Non
166 1790 274 1855 minus
296 1789 367 1873 hoc,
389 1789 469 1855 forti
492 1809 591 1873 quam
614 1790 642 1854 si
664 1789 726 1854 tibi
748 1788 905 1874 panderet
926 1788 997 1872 ipse

61 1877 264 1962 Bellipotens
288 1879 411 1962 aquilas
434 1882 592 1963 toruaque
614 1878 780 1944 induceret
802 1900 859 1943 ora

61 1964 206 2032 Casside.
251 1966 334 2031 uade
357 1968 463 2032 alacer
480 1966 667 2051 maioraque
690 1967 777 2032 disce
795 1967 925 2032 mereri!

569 2193 627 2260 ΠΙ.

312 2332 511 2390 EPIGEDION
532 2333 572 2387 nr
595 2333 747 2388 Persen
770 2331 879 2388 suun.

61 2460 138 2544 Ipse
161 2460 263 2524 malas
287 2460 372 2525 uires
397 2464 430 2524 et
450 2461 660 2526 lamentabile
684 2481 814 2526 carmen

60 2547 179 2631 Elysio
203 2548 242 2612 de
264 2548 353 2613 fonte
377 2548 459 2614 mihi
481 2549 674 2634 pulsumque
699 2548 849 2614 sinistrae

59 2636 123 2720 Da,
147 2637 276 2721 genitor
298 2637 459 2722 perdocte,
481 2639 580 2721 lyrae.
625 2659 729 2721 neque
753 2636 839 2702 enim
863 2638 958 2700 antra
980 2656 1110 2700 mouere

59 2724 157 2789 Delia
174 2747 234 2790 nec
257 2725 388 2789 solitam
409 2726 460 2791 fas
485 2730 534 2790 est
556 2725 721 2810 impellere
746 2722 906 2808 cyrrham

60 2813 108 2878 Te
132 2813 210 2878 sine.
257 2811 393 2896 Corycia
416 2815 568 2899 quicquid
591 2814 687 2879 modo
709 2812 860 2878 Phoebus
884 2813 919 2876 in
942 2812 1066 2893 umbra,
1112 2827 1127 2875 o

60 2901 222 2986 Quicquid
241 2902 282 2966 ab
305 2902 451 2967 Ismariis
474 2902 681 2968 monstrabat
704 2901 840 2967 collibus
863 2899 991 2984 Euhan,

132 3133 187 3181 162
211 3126 302 3181 deeris
326 3132 349 3180 Δ
372 3133 390 3180 6
412 3131 422 3198 ΙΙ
446 3134 498 3185 166
521 3145 627 3200 perque
649 3129 690 3184 ire
709 3129 811 3199 medus
829 3128 979 3191 Halmium
1001 3126 1064 3192 fort.
1084 3145 1127 3181 su·

57 3213 159 3270 perare
184 3200 188 3264 l
214 3197 344 3266 cingique
366 3202 401 3253 A:
425 3199 571 3272 cingitque
594 3206 611 3252 6
640 3201 650 3270 ΙΙ
677 3206 729 3256 168
754 3199 784 3253 si
807 3199 869 3281 quir
888 3203 905 3250 6
925 3216 942 3280 a
963 3199 974 3266 l
997 3202 1049 3279 176
1068 3197 1127 3252 deis

58 3268 668 3397 ‘crassescente
684 3267 1128 3411 insessione

33 3417 35 3422 '
57 3356 90 3394 ⁸⁰
130 3410 177 3464 Ill.
211 3417 226 3464 3
246 3410 379 3479 predocte
398 3417 415 3462 6
434 3382 460 3477 a:
475 3361 588 3467 ‘ioris
608 3456 614 3468 .
633 3383 776 3482 praeclare
796 3412 902 3467 Marti.
919 3413 922 3478 Ι
939 3380 1047 3466 moueri
1065 3416 1083 3461 6
1102 3429 1126 3478 a,

55 3497 129 3537 corr.
150 3483 221 3550 5115
241 3481 281 3536 Te
301 3480 361 3536 sine
380 3486 410 3535 0:
429 3481 570 3538 Desine&
590 3502 607 3535 e
