2534 3960
149 231 193 294 22
522 227 553 282 P.
572 225 711 280 PAPINII
730 224 852 282 STATII

147 374 248 438 Mirer
271 395 313 437 an
336 372 471 436 emissas
494 393 551 456 per
574 373 691 436 ounota
713 369 831 436 cubilia
854 368 1026 453 lymphas?

149 462 223 528 Huo
247 462 356 545 oeulis,
378 461 442 526 huo
464 463 572 526 mente
595 459 716 524 trahor.
752 458 936 522 uenerabile
950 457 1057 522 dieam

151 551 313 616 Luoorum
335 548 484 614 senium?
508 552 549 629 te,
573 570 655 634 quea
677 546 762 614 uada
784 546 925 612 fluminis
948 545 1034 610 inira

151 637 275 722 Oemis,
300 661 342 703 au
365 639 407 702 ad
425 638 525 703 siluas
548 659 631 721 quae
653 636 795 720 respicis,
819 635 901 718 aule,
923 635 1074 718 tacentis,

150 727 222 804 Qua
244 728 305 791 tibi
327 730 400 792 tute
422 727 513 810 quies
537 726 723 809 offensaque
745 724 876 788 turbine
898 724 989 790 nullo

149 815 225 881 Nox
248 816 322 879 silet
345 819 377 880 et
399 815 512 900 pigros
534 815 670 878 mittunt
692 814 758 878 iam
780 833 946 878 murmura
969 814 1129 878 somnos?

150 904 205 968 An
227 925 310 988 quae
334 904 502 990 graminea
524 905 676 985 suseepta
697 901 859 984 crepidine
877 901 1006 966 fumant

148 991 272 1058 Balnea
295 996 328 1056 et
349 992 540 1075 impositum
561 991 641 1056 riuis
664 990 849 1075 algentibus
871 989 1005 1074 ignem?

151 1080 284 1166 Quaque
307 1079 499 1164 uaporiferis
522 1081 652 1146 iunotus
674 1078 861 1162 fornaoibus
885 1079 990 1142 amnis

149 1169 247 1234 Ridet
270 1169 461 1234 anhelantes
484 1168 591 1234 uicino
614 1167 746 1233 flumine
768 1166 962 1250 Nymphas?

150 1256 228 1321 Uidi
251 1261 338 1322 artes
361 1260 571 1341 uotorumque
593 1277 709 1322 manus
732 1255 896 1339 uariisque
918 1255 1050 1320 metalla

150 1344 237 1410 Uiua
260 1346 374 1410 modis.
410 1346 503 1410 labor
525 1347 575 1410 est
597 1345 668 1410 auri
690 1365 869 1410 memorare
892 1344 1021 1429 figures,

150 1433 219 1498 Aut
241 1435 322 1499 ebur
346 1437 403 1499 aut
425 1434 541 1519 dignas
565 1433 675 1518 digitis
694 1433 881 1518 contingere
904 1453 1059 1517 gemmas,

154 1521 312 1606 Quicquid
335 1527 367 1587 et
390 1526 525 1608 argento
548 1522 698 1608 primum,
721 1523 775 1586 uel
797 1522 832 1586 in
855 1542 929 1585 aere
952 1521 1072 1589 minori

153 1610 246 1676 Lusit
269 1615 301 1676 et
324 1633 469 1677 enormes
492 1633 608 1676 manus
632 1614 682 1676 est
704 1614 837 1692 experta
860 1610 1012 1674 colossos.

153 1699 240 1764 Dum
263 1721 367 1784 nagor
389 1702 521 1782 aspeotu
544 1700 696 1782 nisusque
719 1721 777 1782 per
801 1698 912 1762 omnia
934 1698 1025 1781 duoo,

153 1785 330 1852 Oaloabsm
352 1786 529 1870 necopinus
553 1808 640 1869 opes.
676 1808 752 1852 nam
776 1786 929 1869 splendor
954 1787 995 1850 ab
1019 1787 1086 1852 alto

151 1874 285 1939 Defluus
310 1879 343 1938 et
364 1875 504 1938 nitidum
526 1875 703 1940 referentes
727 1896 802 1938 aera
824 1878 928 1940 testae

151 1961 373 2028 Monstrauere
397 1962 514 2047 solum5
537 1962 645 2028 uarias
667 1963 723 2028 ubi
746 1963 836 2046 pieta
858 1984 915 2047 per
936 1967 1023 2028 artes

152 2050 280 2116 Gaudet
302 2051 419 2116 humus
444 2054 637 2136 superatque
660 2052 755 2116 nouis
782 2056 914 2116 asarota
936 2052 1058 2136 figuris.

150 2138 321 2223 Expauere
345 2140 474 2225 gradus.
520 2140 596 2224 quid
619 2161 707 2206 nuno
729 2140 895 2223 laquearia
917 2140 1015 2204 mirer

151 2227 221 2292 Aut
243 2229 320 2313 quid
343 2229 473 2312 partitis
497 2228 653 2294 distantia
675 2233 762 2295 teate
787 2228 961 2294 triohoris?

153 2314 238 2392 Quid
260 2322 302 2400 te,
325 2339 409 2401 quae
431 2317 546 2382 mediis
570 2321 699 2384 seruate
721 2317 893 2401 penatibus
918 2318 1015 2384 arbor

152 2403 253 2469 Tecta
275 2427 333 2488 per
356 2410 390 2470 et
412 2408 523 2488 postes
547 2405 686 2490 liquidas
710 2406 848 2490 emergis
871 2406 906 2470 in
930 2427 1033 2488 aures,

152 2491 223 2568 Quo
245 2515 313 2558 nou
336 2495 396 2559 sub
420 2495 551 2559 domino
576 2515 690 2559 saeuas
713 2515 851 2578 passura
872 2494 1051 2577 bipennes?

155 2579 211 2645 Set
233 2604 319 2648 nuno
341 2582 480 2668 ignauos
503 2583 617 2647 forsan
639 2583 693 2647 uel
716 2583 840 2648 lubrica
862 2580 943 2647 Nais

152 2667 217 2733 Uel
238 2691 305 2735 non
329 2671 485 2755 abruptos
509 2671 571 2735 tibi
594 2671 701 2736 demet
722 2670 928 2754 Hamadryas
952 2693 1065 2736 annos.

223 2921 257 2969 37
280 2916 418 2984 nymphas
442 2921 507 2985 ca,
533 2931 602 2971 σοιν.
627 2916 724 2984 ς.ΙΙ41
745 2917 808 2970 tuta
825 2919 861 2969 A:
883 2917 944 2970 tota
962 2918 1050 2984 01142
1069 2915 1133 2970 Nox
1152 2921 1172 2972 ς
1194 2936 1228 2971 s:

153 2983 218 3039 Mox
246 2991 264 3037 (ι
288 2988 292 3054 Ι
317 2985 413 3068 pigros
442 2987 630 3057 Peyraredus:
655 2987 750 3056 nigros
769 2992 786 3037 c
805 3004 822 3037 s
852 2987 855 3052 Ι
885 2985 1002 3042 mittunt
1026 2985 1084 3040 iam
1107 2988 1226 3056 seripss':

151 3055 292 3110 mutantia
310 3062 328 3108 (ι
349 3056 493 3112 rmitantia
511 3072 528 3114 ς
555 3076 572 3109 a
597 3056 721 3113 inuitant
744 3057 919 3127 Peyraredus
937 3059 947 3126 ΙΙ
967 3063 1002 3112 44
1021 3055 1090 3112 riuis
1106 3059 1226 3126 seriori:

151 3125 220 3194 ripis
232 3132 249 3178 c
260 3144 277 3181 ι
290 3129 300 3196 l
313 3133 348 3182 45
360 3127 469 3196 Quique
480 3129 586 3183 Marti.
593 3148 603 3192 ;
612 3132 683 3196 puto
693 3127 828 3195 Quodque
842 3129 852 3196 ΙΙ
865 3133 899 3182 46
915 3127 1019 3198 digitos
1035 3128 1222 3197 Madutps'ue?

152 3202 187 3250 50
206 3197 307 3258 minori
326 3204 354 3254 c:
373 3199 497 3268 myronis
519 3201 558 3268 ιΙΙ
570 3203 606 3254 57
625 3198 769 3267 laquearia
786 3199 900 3267 scripsi:
917 3197 1044 3268 ingentia
1062 3203 1094 3264 (ις
1112 3200 1185 3268 quid
1203 3204 1228 3253 Δ

151 3267 256 3335 habeat,
266 3269 571 3338 emesenausuperin·
593 3271 669 3325 ostro.
684 3268 811 3340 ingentia
820 3269 904 3326 mirer
912 3268 1011 3324 Atria?
1024 3267 1094 3336 quid
1108 3269 1226 3338 paribus

152 3338 257 3419 Marti.
281 3341 291 3410 ΙΙ
314 3345 348 3422 62
366 3340 415 3395 Set
433 3341 544 3423 seraper:
588 3342 639 3423 ¹⁵9
659 3358 676 3395 ι
693 3341 732 3396 At
756 3339 950 3423 Groaouiasst
970 3339 1088 3410 ignauos
1107 3342 1226 3424 scripsi:

150 3411 1020 3551 aalaidisdemutatarum
1033 3409 1200 3538 mit
1224 3446 1226 3455 ’
