2534 3948
407 224 596 280 snunaun
614 224 645 279 c.
664 225 711 293 m,
731 230 755 279 c.
1077 223 1120 289 93

37 372 269 455 Parthenope,
292 370 344 435 cui
366 370 445 434 mite
469 369 573 434 solum
596 372 687 433 trans
710 387 852 454 aequora
875 376 985 437 uectae

37 461 125 546 Ipse
150 459 297 525 Dionaea
320 458 518 523 monstrauit
539 456 658 542 Apollo
682 458 841 523 columba.
1085 477 1120 526 80

36 549 121 614 Has
146 569 208 634 ego
231 552 265 613 te
288 547 379 612 sedes
404 545 494 630 (nam
516 567 577 610 nec
599 545 680 610 mihi
703 546 843 611 barbara
865 548 988 614 Thrace

37 637 120 704 Nec
144 635 247 722 Libye
269 635 379 700 natale
404 631 523 720 solum)
547 634 722 700 transferre
745 635 867 715 laboro,

38 726 141 803 Quas
165 729 198 790 et
219 723 327 790 mollis
349 723 454 789 hiems
479 726 512 788 et
532 721 653 807 frigida
675 725 835 806 temperat
858 729 973 810 aestas,

38 814 141 890 Quas
165 812 285 879 inbelle
308 811 428 877 fretum
450 810 655 895 torpentibus
679 809 781 876 adluit
803 813 906 880 undis.

40 902 121 966 Pax
145 923 259 967 secura
280 900 360 966 locis
383 902 416 964 et
438 900 557 965 desidis
583 899 651 964 otia
673 899 760 964 uitae
1086 920 1119 970 85

40 990 95 1056 Et
119 1012 296 1075 numquam
317 989 451 1054 turbata
473 988 564 1073 quies
588 988 756 1073 somnique
779 991 894 1073 parati.

39 1079 156 1146 Nulla
177 1078 249 1145 foro
272 1077 379 1142 rabies
403 1081 460 1142 aut
483 1076 616 1142 strictae
639 1077 674 1140 in
696 1076 802 1161 iurgia
825 1079 928 1165 leges:

42 1167 184 1232 Morum
206 1167 277 1232 iura
300 1165 380 1230 uiris
404 1167 510 1231 solum
532 1168 566 1229 et
589 1165 656 1230 sine
679 1165 821 1232 fascibus
845 1190 992 1254 aequum.

44 1254 140 1332 Quid
161 1277 249 1321 nunc
271 1254 460 1340 magnificas
485 1253 607 1338 species
630 1254 798 1339 cultusque
820 1257 965 1323 locorum

43 1343 252 1429 Templaque
275 1346 309 1408 et
329 1342 507 1408 innumeris
531 1343 638 1426 spatia
660 1342 866 1410 interstincta
890 1348 1057 1433 columnis,
1086 1366 1119 1414 90

44 1432 98 1498 Et
121 1433 285 1517 geminam
309 1432 428 1496 molem
450 1430 529 1497 nudi
551 1431 692 1516 tectique
710 1433 832 1498 theatri

44 1520 97 1586 Et
122 1519 316 1604 Capitolinis
339 1519 561 1604 quinquennia
582 1519 731 1602 proxima
752 1521 893 1603 lustris„

45 1607 140 1685 Quid
162 1608 290 1674 laudem
312 1609 403 1673 lusus
425 1609 674 1692 libertatemque
698 1607 877 1692 Menandri,

44 1696 159 1773 Quam
181 1697 347 1770 Romanus
370 1697 476 1762 honos
500 1699 533 1762 et
555 1694 654 1761 Graia
676 1694 807 1762 licentia
830 1684 1024 1765 miscenti*

45 1784 123 1850 Nec
142 1785 258 1851 desunt
280 1783 391 1850 uariae
414 1785 500 1850 circa
523 1783 740 1850 oblectamina
762 1786 862 1853 uitae:
1086 1807 1119 1856 95

47 1872 129 1939 Siue
153 1873 362 1958 uaporiferas‚
384 1873 597 1939 blandissima
619 1873 726 1957 litora,
749 1873 861 1960 Baias,

45 1961 184 2028 Enthea
205 1963 358 2028 fatidicae
382 1984 439 2026 seu
459 1961 566 2050 uisere
589 1965 676 2026 tecta
695 1961 835 2048 Sibyllae

46 2051 155 2116 Dulce
180 2052 222 2116 sit
243 2051 407 2135 Iliacoque
430 2051 542 2135 iugum
565 2051 775 2116 memorabile
798 2073 896 2136 remo,

47 2137 117 2204 Seu
140 2139 202 2204 tibi
223 2139 364 2204 Bacchei
383 2137 497 2204 'uineta
519 2139 684 2204 madentia
706 2137 806 2204 Gauri

48 2227 296 2312 Teleboumque
318 2229 442 2307 domos,
464 2227 598 2312 trepidis
621 2228 677 2292 ubi
701 2227 807 2293 dulcia
829 2229 938 2294 nautis
1071 2245 1120 2296 100

47 2315 194 2380 Lumina
214 2317 408 2401 noctiuagae
430 2316 518 2381 tollit
540 2317 665 2382 Pharus
690 2318 817 2383 aemula
838 2318 944 2402 lunae,

49 2404 203 2490 Garaque
225 2427 293 2471 non
314 2404 405 2470 molli
427 2405 506 2489 iuga
529 2403 720 2470 Surrentina
742 2404 863 2490 Lyaeo,

51 2493 146 2570 Quae
169 2515 260 2558 meus
283 2497 359 2559 ante
382 2493 463 2559 alios
486 2493 655 2560 habitator
677 2492 799 2558 Pollius
824 2497 930 2578 auget,

48 2581 277 2667 Aenariaeque
299 2582 389 2647 lacus
408 2582 550 2648 medicos
574 2581 765 2667 Stabiasque
787 2586 929 2648 renatas.

49 2779 266 2788 -—-—-—-—-.

125 2921 160 2970 80
179 2915 281 2971 diones
299 2947 333 2955 —
352 2915 482 2970 columba
500 2919 536 2969 A:
560 2914 677 2972 dioneae
696 2947 729 2956 -
749 2917 895 2972 columboe
913 2923 931 2969 0
949 2917 959 2986 ΙΙ
977 2922 1011 2972 86
1029 2915 1122 2998 parati

51 2991 85 3042 ςι
105 2985 213 3054 peracti
236 2993 253 3039 0
277 2988 373 3056 ι1187
398 2985 513 3042 strictae
534 2986 565 3040 in
587 2985 680 3056 iurgia
697 2987 775 3057 leges
793 2991 816 3041 Δ
835 2993 865 3040 c:
892 2986 1007 3042 strictae
1030 2985 1123 3056 iurgia

52 3057 127 3128 legis
147 3061 164 3111 ς
187 3059 197 3126 ΙΙ
220 3064 255 3112 90
274 3057 446 3127 Templaquc
470 3059 499 3112 et
516 3057 573 3112 inn.
592 3061 627 3110 A:
651 3057 824 3127 Templaque
843 3058 900 3112 iun.
920 3063 938 3109 0
960 3058 970 3127 ΙΙ
992 3061 1026 3112 93
1044 3056 1121 3111 lusus

52 3128 168 3196 scripsi:
190 3127 256 3184 litus
281 3134 298 3180 0
321 3146 339 3180 ι
359 3128 431 3183 risus
453 3128 674 3197 Iindenbroyins
692 3131 753 3199 1193
778 3127 924 3183 Menandri
949 3133 1122 3200 corruptum

50 3199 242 3268 proponebant
263 3198 376 3254 iocandi
397 3198 513 3253 lauandi
530 3198 647 3255 natandi
664 3199 789 3270 uagandi
809 3198 922 3254 meandi
948 3201 958 3269 ll
986 3205 1021 3254 94
1043 3199 1123 3270 graia

52 3274 86 3325 5:
106 3271 189 3337 grata
211 3275 228 3321 0
247 3288 264 3323 a
281 3269 291 3340 ll
314 3275 366 3325 104
383 3269 582 3339 Denarumque
604 3271 658 3336 (ita
680 3274 703 3321 Δ
726 3272 753 3338 0)
776 3274 947 3338 corruptum
971 3270 1122 3326 Aenariae-

52 3355 109 3408 que
131 3339 212 3394 Dom.
231 3339 428 3410 Dimidiasque
446 3341 581 3408 Intortus
598 3342 630 3395 in
647 3341 730 3396 bnins
747 3342 879 3396 carminis
902 3343 1020 3398 editione
1038 3342 1122 3396 Halia

52 3429 80 3466 a.
100 3415 175 3466 1863
194 3413 291 3468 nuncu
305 3429 335 3480 p.
355 3417 395 3468 28
411 3413 415 3480 l
433 3411 598 3481 Stabiasque
617 3411 751 3468 Heinsius
768 3412 816 3480 (cf.
831 3412 933 3481 Ionicos.
952 3414 1045 3481 icida·
1065 3415 1120 3466 sta·

51 3481 183 3551 tiuasque
202 3488 219 3534 0
238 3481 413 3552 statinasque
432 3500 450 3534 ι
