2534 3948
129 199 192 264 128
494 195 682 276 emmau
701 195 822 250 smmi

126 343 237 410 Unum
260 343 390 408 seeretis
414 342 538 427 agitare
562 340 622 404 sub
645 339 771 404 ossibus
794 339 914 425 iguem.

127 431 228 498 Illum
249 451 310 496 nee
331 431 493 516 Phrygius
516 429 666 494 uitiasset
687 433 800 512 raptor
823 450 966 494 umorem

127 519 311 586 Dulichiiue
332 519 422 604 prooi
443 540 503 586 nee
526 518 582 602 qui
604 517 766 584 fraternus
790 517 917 584 adulter

126 608 227 676 Ceste
249 608 424 692 Mycenaeo
447 606 585 672 oonubia
607 605 727 689 polluit
749 627 836 671 auro.

127 697 164 764 Si
185 697 375 782 Babylonos
399 718 485 782 opes,
507 693 617 778 Lydae
641 694 669 758 si
690 693 836 779 pondere
857 716 956 780 gazae
1164 713 1195 764 eo

126 784 347 871 Indorumque
370 785 464 852 dures
488 781 665 868 Serumque
687 781 896 868 Arabumque
918 787 1069 868 potentes

128 874 282 960 Diuitias,
304 874 417 938 mallet
439 895 512 938 eum
534 874 727 956 paupertate
750 871 869 955 pudiea

128 961 326 1028 Intemerata
349 962 432 1028 mori
454 961 621 1044 uitamque
642 959 817 1042 rependere
840 959 957 1026 famae.

129 1049 199 1116 Neo
221 1053 313 1118 frons
336 1051 431 1115 triste
454 1049 563 1136 rigens
586 1048 771 1133 nimiusque
794 1048 830 1114 in
853 1049 997 1116 moribus
1020 1050 1149 1137 horror,

127 1137 192 1204 Sed
215 1140 352 1223 simplex
373 1138 549 1222 hilarisque
572 1137 651 1202 fides
675 1139 709 1202 et
731 1137 834 1202 mixta
855 1138 972 1222 pudori
1166 1155 1196 1205 65

131 1226 256 1293 Gratia.
293 1227 380 1313 quod
403 1227 431 1291 si
454 1246 572 1310 anceps
593 1229 701 1290 metus
724 1226 760 1290 iu
782 1227 908 1292 maiora
929 1231 1090 1313 uocasset,

128 1314 192 1380 Illa
213 1314 268 1381 uel
291 1315 458 1381 armiferas
481 1335 541 1398 pro
565 1313 701 1399 coniuge
725 1315 813 1378 laetu
835 1318 984 1380 cateruas

128 1402 382 1490 Fulmineosque
403 1403 495 1488 ignes
522 1402 681 1488 mediique
704 1403 848 1486 periculo
870 1405 963 1487 ponti

126 1491 309 1578 Exciperet.
345 1493 472 1577 melius,
493 1491 579 1577 quod
601 1512 669 1556 non
692 1490 829 1561 aduersa
851 1491 1040 1576 probarunt

129 1580 219 1657 Quae
242 1583 303 1647 tibi
326 1603 403 1648 oure
424 1581 498 1665 tori,
521 1581 663 1665 quantus
686 1601 746 1663 pro
769 1581 906 1666 coniuge
928 1580 1050 1664 pallor!
1168 1597 1198 1646 το

128 1668 193 1735 Sed
215 1671 347 1736 meliore
370 1670 426 1736 uia
448 1668 580 1734 dextros
602 1671 661 1732 tub
683 1671 763 1734 uota
783 1669 900 1734 merito

128 1759 339 1824 Promeruere
362 1759 449 1840 deos,
472 1756 549 1822 dum
571 1759 666 1822 noete
690 1756 804 1840 dieque
826 1757 946 1843 fatigas

130 1845 285 1930 Numina,
308 1846 384 1909 dum
408 1845 530 1910 eunetis
555 1844 690 1929 supplex
713 1845 896 1910 eduolueris
919 1846 984 1910 eris

127 1933 174 1998 Et
196 1935 309 1999 mitem
332 1933 463 2020 genium
485 1932 608 1998 domini
630 1934 810 2017 praesentis
834 1934 958 2000 adoras.

127 2022 250 2088 Audita
272 2045 316 2108 es,
338 2023 491 2108 uenitque
514 2020 617 2107 gradu
639 2021 785 2088 Fortuna
807 2023 958 2108 benigno.
1170 2041 1200 2089 ⁷5

127 2108 221 2176 Uidit
244 2112 363 2197 quippe
386 2111 432 2196 pii
454 2111 579 2176 iuuenis
602 2133 785 2195 nouemque
809 2111 950 2196 quietem

127 2197 352 2285 Intactamque
374 2200 471 2266 fidem
495 2200 720 2284 succinctaque
743 2203 877 2284 pectore
901 2201 985 2266 euris

128 2287 174 2352 Et
196 2289 312 2373 uigiles
336 2310 448 2353 sensus
472 2291 506 2352 et
528 2287 628 2372 digna
651 2288 798 2353 euoluere
821 2291 932 2354 tentas

128 2374 245 2441 Sobria
267 2375 365 2442 eorda
387 2377 484 2461 uiues,
506 2376 601 2455 uidit,
626 2376 681 2460 qui
704 2381 821 2442 cuneta
843 2399 975 2442 suorum

127 2463 231 2530 Nouit
254 2469 287 2530 et
308 2466 464 2550 inspeetis
488 2464 590 2530 ambit
612 2464 698 2530 latus
722 2485 817 2530 omne
839 2465 1006 2530 ministris.
1171 2483 1203 2532 80

128 2551 198 2616 Neo
221 2555 353 2618 mirum:
376 2554 467 2619 uidet
489 2553 544 2618 ille
567 2555 658 2618 ortus
683 2553 863 2638 obitusque,
886 2553 963 2638 quid
987 2557 1108 2634 auster,

128 2639 213 2716 Quid
235 2642 351 2708 boreas
373 2642 528 2708 bibemus
552 2644 639 2727 aget,
659 2641 801 2727 ferrique
824 2645 984 2728 togaeque

128 2727 272 2795 Consilia
294 2732 391 2815 atque
413 2731 519 2815 ipsam
542 2734 684 2795 mentem
707 2730 833 2814 probet.
869 2731 926 2796 ille
950 2730 1094 2796 subactis

128 2815 251 2884 Molem
274 2819 467 2886 immensam
489 2819 631 2884 humeris
656 2821 690 2884 et
713 2819 769 2884 uix
791 2819 962 2885 tractabile
985 2818 1116 2904 pondus

200 3105 234 3154 04
253 3099 287 3156 ,in
305 3098 429 3154 moribus
446 3103 482 3152 A:
505 3097 658 3154 minoribus
676 3099 720 3154 uel
742 3098 895 3154 maioribus
914 3103 931 3149 0
954 3099 964 3166 ΙΙ
987 3105 1020 3152 06
1039 3098 1070 3152 in
1088 3101 1209 3170 sumpsi:

129 3171 158 3224 et
176 3174 194 3220 0
212 3189 229 3222 a
254 3171 291 3226 ad
310 3175 328 3225 ς
350 3174 353 3238 Ι
374 3171 504 3225 uocasset
523 3173 554 3224 ςε
578 3170 704 3224 natasset
722 3175 745 3223 Δ
762 3172 891 3225 uocasset
909 3174 927 3220 0
950 3171 961 3238 ΙΙ
984 3175 1018 3224 76
1041 3182 1209 3240 laeuamque

129 3241 251 3296 Mortis
273 3258 431 3310 uanumque
450 3246 467 3292 0
487 3259 504 3292 e
525 3241 535 3309 ss
558 3245 593 3296 80
612 3241 713 3309 embit;
733 3246 804 3309 puto
828 3239 918 3310 cingit
939 3241 984 3294 uel
1003 3240 1114 3296 claudit
1137 3243 1149 3311 fl
1173 3250 1206 3306 81

130 3313 225 3366 auster
245 3316 263 3366 ς
270 3333 276 3364 =
302 3315 394 3367 arctos
420 3317 443 3365 Δ
462 3317 479 3363 0
507 3313 517 3381 ΙΙ
544 3316 577 3365 82
597 3313 691 3368 mutim
709 3312 768 3367 alut
798 3313 802 3381 Ι
831 3313 972 3380 togaeque
986 3311 1081 3366 Dorus
1102 3316 1208 3384 rotega

128 3381 167 3436 A*
186 3387 203 3434 0
226 3381 234 3453 ll
257 3388 291 3438 83
316 3382 440 3438 subactis
463 3382 620 3437 Auumte'us:
647 3382 751 3438 iubatis
776 3383 834 3454 (lje
855 3381 948 3438 beatis
972 3381 1110 3438 Haustus
1136 3386 1148 3454 ΙΙ
1171 3391 1207 3440 84

127 3454 236 3523 pondus
255 3455 412 3510 Auuutiue:
430 3455 541 3522 tempus
561 3458 578 3504 0
597 3472 614 3505 a
