2534 3948
449 159 637 219 snuuaun
655 166 686 221 a.
700 163 740 234 lv,
759 171 783 218 2.

596 343 638 408 ΙΙ.

235 483 379 539 arunas
403 449 560 538 orusrnn
584 483 707 538 uncrn
730 482 868 538 Bonam
891 483 984 539 nnn.
1084 520 1085 523 a

77 611 170 676 Rura
193 633 283 676 meus
307 609 475 693 Tyrrhena
497 611 580 695 petit
603 611 768 694 saltusque
792 609 926 696 Tagetis

77 697 263 785 Crispinum
287 720 347 763 neo
369 701 469 783 longa
491 720 583 763 mora
605 703 656 764 est
679 703 735 763 aut
758 699 832 764 auia
854 701 964 782 tellus3

80 786 139 853 Set
162 809 234 853 mea
258 790 380 853 secreto
403 787 566 851 uellantur
588 791 721 871 pectora
739 809 858 872 morsu,

78 876 217 962 Udaque
241 879 409 960 turgentes
432 875 594 959 inpellunt
616 876 740 940 lumina
763 880 884 960 guttas,

78 963 149 1029 Ceu
174 985 270 1049 super
291 966 419 1048 Aegeas
442 964 565 1028 hiemes
589 964 739 1028 abeuntis
763 965 858 1029 amici
1132 981 1147 1030 5
1238 973 1240 982 '

77 1052 164 1118 Uela
187 1074 303 1137 sequar
326 1056 532 1136 spectemque
555 1056 659 1117 ratem
681 1053 747 1117 iam
769 1053 875 1118 fessus
900 1054 940 1118 ab
965 1053 1040 1118 altis

78 1141 229 1225 Rupibus
253 1144 349 1225 atque
374 1141 484 1206 oeulos
506 1141 606 1226 longo
630 1162 745 1225 querar
769 1164 841 1206 aere
865 1142 962 1208 uinci.

80 1229 189 1306 Quid?
213 1230 241 1294 si
263 1229 398 1293 militiae
421 1230 487 1294 iam
510 1232 551 1308 ta,
575 1232 656 1314 pne'r
669 1231 789 1314 inclite,
811 1231 935 1314 primae

81 1315 181 1383 Clara
203 1319 387 1383 rudimenta
411 1322 443 1382 et
465 1321 646 1382 castrorum
670 1318 762 1383 dulce
785 1323 918 1384 uocaret

80 1405 284 1491 Auspicium,
306 1412 428 1491 quanto
452 1410 622 1471 manarent
646 1407 764 1492 gaudia
787 1407 865 1472 fletu
1116 1424 1149 1472 1ο

81 1494 213 1570 Quosne
237 1496 348 1560 darem
372 1496 551 1580 amplexus!
576 1495 675 1560 etiam
693 1495 773 1560 haec
797 1496 939 1579 optanda
957 1497 1147 1582 propinquis

80 1583 226 1648 Tristia?
249 1587 282 1648 et
305 1587 438 1655 octonos
462 1582 513 1647 bis
536 1584 602 1648 iam
624 1583 686 1648 tibi
704 1583 818 1648 circuit
839 1585 934 1648 orbes

79 1671 169 1754 Uita,
193 1673 249 1736 sed
273 1673 420 1756 angustis
444 1673 571 1736 animus
595 1673 761 1738 robustior
784 1673 877 1737 annis

80 1760 310 1844 Incumbitque
334 1761 433 1844 oneri,
457 1764 489 1825 et
511 1765 655 1826 mentem
678 1784 737 1826 sua
760 1781 828 1826 non
851 1762 938 1846 capit
961 1765 1060 1827 aetas.

80 1847 152 1913 Nec
175 1850 307 1913 mirum:
330 1870 398 1914 non
419 1852 452 1912 te
476 1849 575 1914 series
599 1849 760 1914 inhonora
783 1853 954 1934 parentum
1116 1868 1147 1916 15

81 1936 264 2002 Obscurum
286 1939 417 2021 proauis
441 1942 474 2002 et
496 1939 621 2021 priscae
644 1939 726 2003 lucis
750 1942 900 2023 egentem

84 2025 218 2090 Plebeia
240 2026 279 2090 de
304 2027 403 2110 stirpe
426 2027 514 2108 tulit3
536 2049 603 2092 non
627 2026 784 2111 sanguine
808 2031 914 2090 cretus

82 2114 230 2179 'ltnmali
251 2115 429 2198 trabeaque
452 2113 555 2196 Remi,
577 2135 637 2178 neo
659 2133 800 2197 paupere
825 2113 916 2179 clauo

82 2203 270 2288 Angustam
293 2202 401 2267 sedem
425 2205 458 2266 et
479 2199 567 2266 Latii
590 2201 754 2286 penetrale
778 2205 909 2266 senatus

82 2291 222 2357 Aduena
239 2290 386 2376 pulsasti,
410 2289 467 2355 sed
489 2290 700 2373 praecedente
722 2292 853 2354 tuorum
1116 2307 1151 2356 ao

83 2379 235 2464 Agmine.
279 2379 429 2443 Romulei
452 2378 556 2463 qualis
579 2399 637 2462 per
659 2378 772 2462 iugera
795 2378 878 2461 circi,

84 2465 168 2532 Oum
190 2468 324 2552 pulcher
346 2468 419 2532 uisu
442 2473 471 2532 ct
491 2467 595 2532 titulis
619 2488 794 2552 generosus
819 2467 915 2531 auitis

31 2557 37 2564 '
82 2556 282 2640 Expectatur
305 2577 416 2641 equus,
438 2555 528 2620 ouius
551 2557 590 2620 de
613 2558 783 2621 stemmate
805 2555 905 2640 longo

82 2643 174 2709 Felix
197 2644 347 2710 emeritos
370 2644 470 2709 habet
493 2645 673 2708 admissura
695 2647 854 2728 parentes,

156 2907 190 2961 H.
216 2907 341 2963 Titalam
363 2924 397 2962 ca
419 2912 442 2960 A
465 2913 482 2960 0
507 2905 610 2975 (Uectii
632 2912 668 2960 A:
691 2906 773 2961 erti
795 2909 823 2975 0)
849 2907 912 2962 dedi
932 2909 942 2978 ΙΙ
963 2914 977 2961 1
997 2908 1102 2978 tegetis
1121 2915 1151 2962 0:

83 2979 182 3048 tageni
201 2984 219 3034 ς
238 2981 307 3049 alss
327 2979 376 3034 Set
395 2978 568 3034 Groaoaias:
582 2978 619 3033 Et
637 2983 654 3029 0
673 2979 742 3047 2114
762 2981 860 3047 guttae
879 2979 985 3034 Marti.
999 2981 1038 3048 ΙΗ
1059 2979 1153 3046 oeulos

82 3053 108 3102 A
132 3055 162 3102 0:
186 3050 274 3104 oeulis
299 3055 316 3104 ς
344 3051 354 3119 ΙΙ
381 3055 397 3105 8
422 3049 494 3115 Quid
512 3054 536 3102 A
554 3054 584 3102 0:
608 3048 720 3117 quod&
748 3049 757 3116 ΙΙ
786 3055 818 3102 11
843 3049 928 3104 etiam
947 3050 1017 3104 haec
1040 3052 1153 3119 sampsi:

85 3118 172 3173 etiam
195 3137 231 3174 ne
253 3126 277 3174 A
299 3127 317 3172 0
337 3119 526 3190 {propinquis
546 3124 576 3174 3:
599 3118 751 3188 propinqui
769 3124 786 3170 0
805 3138 822 3171 a
839 3121 849 3189 ΙΙ
868 3125 901 3174 12
922 3123 950 3175 et
969 3124 1000 3174 3:
1022 3123 1055 3175 ut
1073 3127 1090 3173 0
1110 3140 1126 3174 a
1144 3121 1153 3193 ll

86 3196 121 3244 14
146 3190 363 3260 succumbitque
386 3196 403 3242 0
427 3209 456 3259 a,
480 3192 595 3247 conexi.
619 3194 704 3244 totana
722 3205 831 3244 aeream
853 3191 904 3245 del.
923 3190 1063 3246 Boethius
1085 3195 1095 3262 l
1119 3197 1151 3246 18

84 3261 165 3315 trabe
189 3277 223 3316 ae
244 3261 329 3317 remis
353 3264 382 3316 et
404 3267 427 3315 A
448 3261 585 3330 trabeque
608 3260 743 3315 aeremia
762 3263 840 3330 eto,
859 3277 928 3316 corr.
947 3262 1063 3332 lapsae
1085 3265 1095 3332 ΙΙ
1119 3269 1150 3316 21

84 3347 202 3386 munera
219 3333 286 3388 circi
304 3331 410 3386 Marti.
425 3333 435 3401 ΙΙ
448 3338 482 3386 22
506 3334 536 3386 et
556 3331 704 3386 Heinsius:
727 3347 778 3386 ora.
801 3337 819 3383 0
842 3351 859 3384 a
876 3335 886 3402 ΙΙ
904 3339 940 3387 24
960 3334 1110 3390 demeritos
1129 3339 1152 3387 A

84 3407 112 3472 0,
131 3417 200 3458 corr.
220 3403 370 3460 &mortius
