2534 3948
419 207 607 288 0110111011
625 233 655 289 a.
674 233 722 302 111,
741 239 766 288 a.
1089 234 1129 300 rr

49 377 208 442 Imbellis
231 376 419 460 tumidoque
442 375 525 446 nihil
546 377 671 447 iuratus
694 376 838 461 Atridae,

51 465 127 531 Cur
146 465 242 530 nobis
265 466 406 550 ignauus
428 465 541 530 aanor?
573 465 629 531 sed
651 469 781 550 pectore
804 466 868 532 fido

50 553 233 637 Nusquam
252 553 350 626 abero
368 553 539 637 long-isque
558 575 674 638 sequar
690 557 749 620 tua
767 555 901 620 carbasa
919 555 1016 622 uotis.
1081 572 1131 622 100

50 642 114 725 Isi,
138 642 318 716 Phoroneis
341 641 420 718 olim
444 641 607 708 stabulata
630 643 690 708 sub
714 642 829 726 antris,

51 729 159 795 Nune
181 731 295 814 regina
315 729 415 796 Phari
436 751 621 815 numenque
644 731 778 796 orientis
802 731 920 816 anheli,

54 818 187 902 Excipe
210 818 387 890 multisono
410 839 554 902 puppem
576 817 757 885 Mareotida
781 820 890 904 sistro,

54 907 109 970 Ao
135 907 284 972 iuuenem
307 905 482 992 egregium,
504 904 617 973 Latius
640 907 692 974 eui
714 907 828 974 ductor
849 908 921 976 an

55 993 167 1079 Signa
189 994 456 1079 Palaestinasque
478 993 566 1070 dedit
588 995 714 1061 iterare
737 996 897 1081 robertes,
1080 1013 1131 1062 100

56 1083 142 1166 Ipsa
165 1106 265 1158 manu
286 1083 414 1167 placida
435 1103 493 1166 per
515 1082 629 1164 limina
650 1084 735 1150 festa
758 1107 930 1170 sacrosque

57 1170 137 1235 Due
159 1176 273 1256 portus
297 1173 456 1255 urbesque
478 1173 561 1239 tuas.
596 1175 629 1238 te
651 1173 800 1256 praeside
822 1177 945 1258 noscat,

56 1259 159 1324 Unde
181 1260 329 1343 paludosi
350 1258 489 1325 feounda
510 1259 640 1326 lieentia
661 1259 739 1345 Nili,

58 1346 131 1412 Cur
153 1349 237 1414 uada
260 1349 408 1418 desidant
431 1351 463 1411 et
484 1349 557 1432 ripa
579 1348 749 1426 eoheroeat
771 1351 875 1425 undas

58 1435 220 1520 Cecropio
244 1440 397 1522 stagnata
419 1437 499 1519 luto,
522 1458 579 1505 our
600 1438 711 1507 inuida
733 1437 905 1522 Memphis,
1081 1454 1132 1505 110

61 1523 172 1588 Curue
195 1524 398 1608 Therapnaei
421 1525 571 1593 laseiuiat
595 1547 652 1596 ora
675 1523 811 1611 Canopi,

59 1611 133 1677 Cur
156 1617 262 1678 seruet
284 1612 420 1690 Pharias
443 1612 605 1681 Lethaeus
628 1612 748 1681 ianitor
771 1636 854 1698 aras,

57 1700 154 1768 Uitia
176 1723 232 1766 our
254 1723 390 1788 magnos
414 1705 552 1786 aequent
574 1701 728 1774 animalia
751 1703 857 1787 diuos3

59 1789 154 1865 Quae
178 1789 241 1854 sibi
263 1793 469 1874 praesternat
490 1790 589 1854 uiuax
612 1791 729 1855 altaria
750 1791 905 1875 Phoenix,

60 1877 154 1953 Quos
177 1879 327 1964 dignetur
348 1899 445 1964 agros
469 1881 526 1942 aut
548 1901 612 1966 quo
635 1902 670 1944 se
693 1881 822 1965 gurgite
844 1879 913 1945 Nili
1082 1897 1132 1946 115
1255 1963 1256 1970 ἵ

59 1964 193 2051 Mergat
216 1967 369 2032 adoratus
391 1967 526 2050 trepidis
549 1968 735 2050 pastoribus
758 1968 849 2053 Apis.
1223 2003 1226 2008 ·

59 2053 137 2120 Duo
160 2059 192 2118 et
215 2055 256 2119 ad
279 2054 469 2120 Aemathios
493 2077 615 2140 manes,
637 2055 696 2119 ubi
717 2055 853 2141 belliger
875 2057 964 2122 urbis

61 2141 222 2208 Conditor
243 2141 393 2228 Hyblaeo
415 2142 565 2226 perhrsus
587 2147 717 2208 uastare
740 2143 844 2228 durat,

60 2230 342 2317 Anguiferamque
366 2232 506 2306 domum.
529 2231 651 2298 blando
674 2254 738 2316 qua
760 2254 865 2300 morsa
888 2237 1021 2304 ueterno

61 2319 177 2383 Actias
199 2319 363 2386 Ausonias
385 2320 472 2404 fugit
494 2317 666 2404 Cleopatra
689 2324 829 2392 catenas.
1082 2336 1133 2386 120

60 2406 181 2491 Usque.
199 2411 232 2476 01
253 2409 289 2472 in
310 2409 464 2492 Assyrias
488 2407 578 2474 sedes
602 2409 819 2495 mandataque
843 2413 952 2477 eastra

61 2495 261 2580 Prosequere
285 2501 318 2562 et
340 2495 440 2562 Marti
462 2497 619 2582 iuuenem,
642 2497 711 2582 dea,
733 2499 825 2563 trade
847 2499 975 2564 Latino.
1060 2501 1065 2508 '

62 2582 135 2649 Neo
152 2606 256 2650 nouus
279 2585 398 2669 hospes
423 2585 497 2650 erit:
519 2607 600 2668 puer
622 2587 673 2654 bis
698 2587 826 2655 sudauit
848 2587 884 2652 in
907 2587 993 2652 aruis

61 2670 172 2737 Notus
197 2673 300 2738 adhue
323 2677 452 2738 tantum
474 2671 612 2740 maioris
629 2697 760 2745 munere
784 2676 876 2758 claui,

61 2761 135 2825 Iam
157 2765 268 2826 tamen
291 2765 324 2826 01
345 2766 471 2827 turmas
493 2761 583 2826 facili
604 2769 811 2846 praeuertere
834 2785 915 2850 gyro
1084 2779 1133 2828 125

62 2848 173 2914 Fortis
197 2849 339 2914 0111000
363 2851 468 2915 iaeulo
493 2849 646 2916 damnare
670 2853 815 2938 sagittas.

62 2937 155 3020 Ergo
179 2938 241 3002 erit
263 2939 320 3002 illa
341 2939 420 3023 dies,
442 2941 559 3022 quate
582 2940 706 3006 maiora
728 2940 862 3006 daturus

141 3276 191 3326 100
213 3271 360 3340 Nusquam
379 3276 410 3328 ⁶3:
428 3271 579 3342 Nunquam
597 3274 668 3342 cal
684 3279 733 3328 101
753 3273 822 3328 olim
840 3278 908 3326 Ac:
927 3273 1069 3344 quondam
1088 3278 1106 3328 ς
1126 3273 1135 3346 Η

66 3348 118 3396 110
138 3343 309 3412 stagnabat
328 3349 358 3396 c:
381 3343 492 3412 signata
512 3347 529 3397 ς
546 3345 667 3410 11001100
691 3362 741 3399 our
758 3343 838 3400 arida
856 3347 865 3413 ΙΙ
885 3350 935 3399 112
955 3359 1032 3399 areos
1048 3345 1134 3400 Beat-

65 3415 135 3472 10100
157 3415 167 3482 ΙΙ
194 3419 245 3468 110
263 3415 379 3468 aeterno
399 3414 518 3473 narare
537 3430 645 3470 ueneno
664 3421 682 3466 0
700 3433 718 3467 ι
735 3431 829 3470 morsa
846 3432 954 3471 ueneno
973 3415 1107 3474 Heinsius
1126 3415 1134 3486 t
1206 3417 1208 3422 '

66 3490 117 3538 123
137 3483 166 3538 in
185 3482 270 3538 armis
289 3489 306 3536 0
324 3503 341 3538 a
363 3486 372 3553 n
397 3490 447 3538 124
472 3502 584 3540 munere
604 3490 635 3540 s:
661 3486 774 3542 numine
793 3487 832 3538 Δ*
851 3493 869 3538 0
