2534 3960
430 217 618 275 atomon
636 221 667 276 a.
686 222 708 290 1,
727 228 751 276 a.
1086 228 1126 291 17
1160 229 1165 238 ·

55 364 195 449 Iamque
218 384 336 446 parens
358 361 481 447 Latius,
504 365 594 438 cuius
617 387 829 450 praenoscere
854 371 996 434 mentem

57 453 126 518 Fas
149 452 238 536 mihi,
260 473 440 535 purpureos
463 451 595 518 habitus
616 455 789 540 iuuenique
813 456 921 522 curule

56 541 250 626 Indulgebit
272 541 352 606 ebur
373 539 544 625 Dacasque
567 540 621 628 (ea
643 544 748 627 gloria
769 542 888 631 maior)
1078 561 1130 614 180

59 629 207 695 Exuuias
230 631 404 714 laurosque
427 630 518 694 dabit
541 631 701 696 celebrare
723 636 881 698 recentes.

57 717 151 804 Ergo
175 738 245 804 age,
267 718 366 804 iunge
389 721 480 783 toros
503 722 599 803 atque
624 721 692 785 otia
713 721 805 786 deme
827 723 987 788 iuuentae.

60 805 150 882 Quas
174 826 235 892 ego
257 828 325 872 non
347 810 470 891 gentes,
493 829 575 892 quae
597 829 664 875 non
685 809 756 875 face
779 810 877 874 corda
898 809 1029 896 iugaui?

58 895 210 960 Alituum
232 894 453 980 pecudumque
477 895 558 960 mihi
580 896 716 981 durique
738 897 881 964 ferarum

58 981 138 1048 Non
159 1005 293 1053 renuere
316 1003 446 1069 greges3
468 984 577 1068 ipsum
599 985 634 1049 in
657 987 796 1052 conubia
817 991 923 1052 terrae
1075 1003 1127 1054 185

59 1071 213 1155 Aethera,
236 1093 309 1136 cnm
331 1072 450 1156 pluuiis
472 1078 642 1139 rarescunt
663 1074 784 1159 nubila,
808 1076 909 1141 soluo.

59 1157 114 1225 Sic
137 1181 245 1225 rerum
268 1161 366 1226 series
389 1160 564 1246 mundique
588 1163 762 1228 reuertitur
785 1167 884 1228 aetas.

59 1247 156 1314 Unde
179 1270 301 1316 nouum
325 1248 440 1315 Troiae
463 1250 560 1315 decus
583 1251 817 1336 ardentumque
839 1252 973 1318 deorum

57 1337 247 1422 Raptorem,
268 1336 411 1423 Phrygio
435 1338 463 1403 si
484 1360 551 1404 non
574 1360 635 1424 ego
658 1341 770 1406 iuncta
787 1342 915 1426 marito,

60 1425 182 1509 Lydius
205 1426 290 1491 unde
312 1447 402 1491 meos
424 1426 575 1493 iterasset
597 1429 740 1512 Thybris
762 1428 875 1495 Iulos?
1077 1445 1128 1496 190

60 1513 140 1589 Quis
164 1515 437 1599 septemgeminae
459 1517 624 1598 posuisset
645 1517 774 1582 moenie
792 1516 916 1582 Romae

58 1602 192 1686 Imperii
214 1602 339 1668 Latiale
362 1606 467 1686 caput,
489 1603 525 1666 ni
547 1603 702 1669 Dardana
724 1604 813 1670 furto

60 1689 209 1774 Oepisset
230 1689 378 1775 Martem,
399 1711 458 1756 nec
480 1713 532 1756 me
554 1692 757 1778 prohibente,
780 1692 967 1762 sacerdos‘?'

59 1778 122 1844 His
145 1780 265 1844 mulcet
287 1779 381 1844 dietis
404 1779 567 1864 tacitoque
590 1781 730 1865 inspirat
751 1780 875 1848 honore

60 1866 208 1932 Conubii.
253 1868 389 1932 redeunt
411 1868 520 1932 animo
542 1869 608 1933 iam
631 1869 717 1934 dona
738 1891 912 1954 precesque
1075 1885 1125 1937 195

58 1955 106 2020 Et
127 1956 278 2022 lacrimae
301 1956 480 2041 uigilesque
502 1957 566 2021 uiri
587 1979 688 2042 prope
712 1959 825 2024 limina
848 1962 993 2044 questus,

58 2045 186 2110 Asteris
210 2048 243 2109 et
263 2044 349 2110 uatis
371 2047 476 2110 totam
498 2048 630 2110 cantata
651 2068 710 2130 per
732 2047 855 2132 urbem,

58 2131 185 2198 Asteris
208 2136 284 2198 ante
307 2133 416 2217 dapes,
439 2137 535 2198 nocte
557 2133 693 2217 Asteris,
715 2134 841 2200 Asteris
866 2139 948 2221 ortu,

59 2221 223 2296 Quantum
246 2243 314 2287 non
336 2223 494 2286 clamatus
517 2221 629 2305 Hylas.
674 2223 802 2307 iamque
826 2246 940 2308 aspera
962 2224 1070 2308 coepit

58 2309 203 2374 Flectere
227 2310 324 2376 corda
346 2309 450 2374 libens
475 2312 507 2375 et
528 2310 594 2374 iam
617 2310 680 2376 sibi
703 2311 783 2376 dura
801 2313 912 2378 uideri.
1074 2328 1126 2379 200

58 2397 166 2464 Macte
189 2399 279 2483 toris,
301 2397 412 2464 Latios
435 2399 520 2463 inter
541 2399 758 2483 placidissime
776 2406 877 2483 uates,

60 2485 153 2562 Quod
177 2486 293 2551 durum
314 2507 504 2570 permensus
527 2487 590 2552 iter
611 2488 771 2573 certisque
795 2489 854 2554 sub
878 2489 943 2554 oris

59 2573 221 2639 Prendisti
243 2577 365 2659 portus.
410 2576 531 2640 nitidae
560 2577 605 2641 sic
627 2577 799 2662 transfuga
820 2575 913 2642 Pisae

60 2663 177 2727 Amnis
200 2663 235 2726 in
259 2667 409 2730 externos
433 2665 528 2749 longe
550 2664 735 2729 flammatus
759 2687 884 2731 amores

59 2750 210 2815 Flumina
233 2752 378 2818 demerso
401 2752 504 2817 trahit
526 2753 719 2818 intemerata
742 2755 859 2838 canali,
1074 2770 1126 2821 205

133 3055 183 3105 180
201 3050 340 3120 daoasque
360 3053 389 3106 et
406 3050 497 3121 gloria
514 3055 538 3103 Δ
551 3058 576 3119 0,
596 3051 710 3106 corraei.
732 3067 766 3106 en
780 3050 1001 3120 Hondiusll183
1018 3053 1126 3106 mentes

60 3121 195 3175 Heinsius
211 3121 215 3192 Ι
231 3121 319 3190 iugali
338 3127 355 3173 0
373 3139 398 3190 a,
417 3137 485 3176 corr.
505 3122 585 3177 Dema
604 3125 614 3193 ΙΙ
634 3128 683 3177 192
703 3121 732 3175 ni
750 3137 810 3190 epo:
832 3121 855 3176 si
874 3129 892 3174 0
910 3121 965 3176 nisi
984 3125 1001 3176 ς
1021 3140 1038 3174 a
1050 3123 1061 3192 Ι]
1075 3128 1127 3177 194

62 3190 205 3260 tacitoque
223 3191 242 3246 i.
261 3191 394 3247 honorem
414 3197 431 3243 0
450 3211 474 3260 a,
496 3195 609 3248 emeat.
633 3193 808 3261 tacitumque
827 3197 851 3246 et
868 3207 992 3275 amorem
1012 3198 1030 3248 ς
1048 3195 1058 3262 ΙΙ
1078 3200 1128 3248 190

61 3262 119 3316 iam
136 3265 205 3317 uota
224 3263 328 3318 Morbi.
343 3264 353 3332 ΙΙ
367 3269 418 3317 201
437 3263 621 3332 placitissima
639 3264 810 3318 Sarracenos
822 3265 833 3333 ΙΙ
846 3269 897 3320 202
918 3266 1056 3333 certusque
1076 3265 1127 3318 sub

62 3333 117 3458 a
136 3334 250 3459 aa
269 3333 444 3459 butas
464 3334 568 3457 llll?
591 3335 1127 3462 laattttttltttttfflabdil

61 3475 164 3530 laerta
181 3475 238 3528 sim
251 3477 261 3545 u
274 3479 326 3529 204
343 3475 441 3530 Amnis
460 3447 498 3529 §i
510 3477 608 3530 Annus
627 3482 644 3528 0
662 3494 680 3528 a
942 3448 948 3473 ’

114 3564 199 3605 aaran
213 3563 314 3605 Smusn.
898 3570 913 3618 2
