2534 3960
426 250 613 306 snusaurr
631 250 662 306 a.
681 251 715 321 n,
735 256 759 306 τ.
1083 252 1124 316 61

221 396 275 479 Et,
299 396 327 461 si
349 417 413 480 qua
435 396 576 461 laceram
599 395 685 460 diem
708 395 837 478 recepit,

222 484 323 550 Sertis
347 484 500 550 mollibus
520 483 686 568 expleatur
707 484 833 548 umbra.
1093 501 1125 549 15

220 572 359 640 Centum
381 572 569 658 Thespiacis
593 572 693 639 odora
715 572 796 637 lucis

222 661 317 728 Stent
340 661 456 726 altaria
479 661 693 746 uictimaeque
717 673 855 743 centum,

220 750 308 827 Quas
332 748 428 815 Dirce
451 750 542 815 lauat
564 753 620 815 aut
648 749 708 814 alit
730 747 913 816 Cithaeron.

219 838 386 903 Lucanum
410 839 564 922 canimus,
585 837 695 902 fauete
717 837 846 922 linguis,

219 926 340 992 Uestra
364 926 497 991 est‘ista
515 927 592 1010 dies,
615 926 733 1010 fauete,
755 925 878 1010 Musae,

219 1015 308 1079 Dum
331 1015 386 1100 qui
409 1036 468 1080 uos
492 1014 638 1100 geminas
661 1014 738 1079 tulit
759 1035 817 1099 per
840 1017 935 1098 artes,

219 1103 265 1168 Et
287 1103 417 1168 uinctae
439 1103 520 1188 pede
543 1102 632 1169 uocis
657 1106 689 1166 et
712 1103 846 1186 solutae,

219 1191 360 1257 Romani
383 1191 498 1258 colitur
521 1191 611 1257 chori
634 1191 795 1256 sacerdos.

219 1279 312 1345 Felix
333 1280 397 1345 heu
420 1279 518 1344 nimis
542 1283 575 1344 et
597 1280 695 1344 beata
716 1279 824 1362 tellus,

221 1368 309 1445 Quae
332 1390 454 1452 pronos
476 1367 676 1453 Hyperionis
698 1371 824 1432 meatus

221 1455 362 1521 Summis
387 1457 499 1522 oceani
522 1457 612 1522 uides
634 1457 670 1520 in
692 1457 787 1521 undis

221 1543 461 1630 stridoremque
484 1548 575 1609 rotae
598 1545 743 1609 cadentis
767 1545 868 1628 audis,

220 1633 309 1708 Quae
333 1633 499 1698 Tritonide
521 1633 645 1698 fertiles
667 1632 815 1697 Athenas

220 1720 344 1806 Unctis,
366 1720 507 1804 Baetica,
529 1742 688 1805 prouocas
710 1720 861 1805 trapetis:

219 1809 387 1876 Lucanum
408 1814 502 1894 potes
525 1810 675 1894 inputare
697 1810 821 1874 terris&

219 1897 293 1963 Hoc
315 1899 388 1982 plus
412 1920 510 1982 quam
534 1896 688 1962 Senecam
710 1898 836 1964 dedisse
859 1896 979 1962 mundo

222 1986 291 2052 Aut
313 1986 438 2051 dulcem
462 2007 634 2072 generasse
656 1985 846 2051 Gallionem.

220 2074 365 2140 Attollat
386 2075 503 2140 refluos
526 2075 561 2140 in
584 2077 673 2140 astra
695 2075 802 2147 fontes

221 2161 318 2228 Graio
341 2163 482 2228 nobilior
505 2163 623 2228 Melete
645 2162 771 2247 Baetis3

220 2250 357 2336 Baetim,
379 2250 525 2336 Mantua,
547 2273 726 2336 prouocare
748 2251 825 2318 noli.

161 2381 170 2398 .
220 2338 345 2404 Natum
368 2341 515 2425 protinus
539 2345 637 2426 atque
655 2339 790 2406 humum
812 2360 870 2424 per
892 2339 998 2424 ipsam

221 2427 331 2494 Primo
354 2451 517 2494 murmure
540 2429 631 2494 dulce
654 2430 841 2514 uagientem

221 2515 348 2582 Blando
372 2515 519 2601 Calliope
542 2519 616 2583 sinu
638 2518 768 2602 recepit

222 2605 305 2669 Tum
328 2605 469 2690 primum
491 2607 599 2689 posito
622 2607 758 2671 remissa
779 2605 869 2671 luctu

220 2692 351 2778 Longos
375 2693 527 2778 Orpheos·
545 2695 633 2759 exuit
656 2695 782 2760 dolores

221 2781 266 2846 Et
289 2783 381 2846 dixit:
406 2781 503 2866 ‘puer
526 2804 545 2848 o
568 2783 673 2848 dicate
695 2782 812 2866 Musis,

221 2869 413 2956 Longaeuos
437 2871 502 2936 cito
524 2871 701 2936 transiture
723 2875 825 2953 uates,

56 3049 274 3061 ...-.-----.-

134 3157 168 3206 14
190 3151 312 3208 laceram
337 3153 450 3222 ecana:
473 3156 553 3224 pater
572 3155 622 3208 aut
639 3157 697 3206 Ις
720 3154 801 3223 patet
818 3152 868 3206 aut
886 3156 904 3202 c
922 3169 940 3203 ο,
962 3150 1127 3221 pateram?

56 3221 190 3296 patulam
211 3223 316 3279 Markl.
334 3225 345 3292 l
366 3230 399 3278 16
417 3224 548 3294 tespiaeir
566 3230 586 3277 Ι.
604 3226 615 3295 ΙΙ
633 3229 666 3277 18
686 3223 761 3296 dirce
780 3228 805 3278 et
823 3221 882 3276 alid
899 3222 991 3291 ΙΙΙ20
1009 3218 1101 3275 isteI.
1126 3218 1128 3288 fl

57 3300 98 3350 24
119 3294 185 3362 heu]
210 3309 226 3348 o
251 3293 875 3366 Mortl.l25ype1i0nis1.u26nides;ui
892 3309 926 3348 cc
944 3308 1013 3348 corr.
1032 3293 1101 3346 iar.
1126 3291 1128 3359 l

58 3370 97 3421 28
125 3363 259 3436 tritonide
287 3370 312 3418 et
340 3365 451 3420 atheras
479 3371 499 3418 Ι.
521 3368 530 3435 ΙΙ
553 3371 587 3420 23
615 3366 704 3421 udrica
730 3380 816 3436 prono
836 3363 1039 3434 casnapetisla
1061 3363 1071 3432 ΙΙ
1093 3365 1128 3415 34

58 3435 226 3490 mdaelebdris
244 3439 264 3487 Ι.
282 3435 293 3505 ΙΙ
310 3441 345 3491 35
363 3435 446 3490 bdcim
463 3441 483 3488 Ι.
501 3439 511 3505 ΙΙ
529 3442 563 3490 36
581 3452 654 3505 aque
672 3441 697 3491 et
714 3435 725 3489 i
745 3453 806 3490 sum
824 3441 843 3486 Ι.
862 3436 872 3505 ΙΙ
889 3439 922 3490 32
942 3434 1063 3506 primum
1081 3439 1101 3486 Ι.
1120 3431 1129 3503 ll

60 3513 99 3562 38
118 3505 226 3576 caliope
247 3506 339 3575 ¹·l40
359 3507 448 3562 orfeos
466 3512 490 3558 Δ
504 3513 523 3558 Ι.
537 3508 593 3576 1141
613 3523 698 3576 puero
739 3507 809 3561 'cn
