2534 3960
395 906 440 988 r.
469 887 699 990 Parnm
725 865 915 988 suurn
1024 859 1028 867 ’

314 1061 347 1159 S
398 1061 425 1158 I
475 1063 516 1160 L
567 1061 615 1160 U
667 1063 716 1158 A
767 1061 814 1162 R
865 1061 912 1161 U
964 1062 1020 1158 M

512 1231 815 1308 Llssuun.

412 1547 566 1603 STATIUS
584 1547 739 1603 Manlum
758 1547 827 1603 SUO
847 1549 922 1604 SAL.

221 1692 266 1758 Et
278 1692 484 1758 familiaritas
497 1696 611 1758 nostra
624 1715 688 1778 qua
702 1693 840 1778 gaudeo,
862 1693 991 1779 Melior,
1013 1694 1066 1760 uir
1080 1699 1206 1782 optime

132 1805 191 1848 nec
213 1782 321 1847 minus
344 1781 379 1845 in
401 1781 519 1846 iudicio
542 1781 725 1848 litterarum
748 1804 845 1867 quam
868 1782 904 1848 in
927 1785 1016 1848 omni
1040 1785 1135 1850 uitae
1160 1810 1207 1852 co-

132 1871 201 1936 lore
224 1869 410 1952 tersissime,
433 1873 466 1935 et
483 1869 553 1953 ipsa
572 1871 797 1954 opusculorum
821 1894 903 1956 quae
926 1872 987 1936 tibi
1008 1874 1105 1938 trado
1132 1897 1206 1941 con·

134 1959 213 2023 ditio
246 1959 293 2022 sic
319 1957 427 2042 posita
454 1961 504 2023 est
529 1963 567 2023 ut
593 1962 682 2024 totus
704 1959 758 2024 hic
780 1962 862 2025 alter
884 1961 966 2025 liber
987 1983 1080 2026 meus
1104 1964 1208 2028 etiam

134 2048 205 2112 sine
223 2047 361 2131 epistola
380 2048 419 2112 ad
438 2050 470 2112 te
490 2050 622 2132 spectet.
653 2047 794 2130 primum
813 2048 899 2112 enim
917 2049 1017 2114 habet
1033 2049 1207 2117 Glauciam
1225 2057 1234 2105 5

133 2139 291 2220 nostrum,
314 2137 404 2200 ouius
423 2137 644 2222 gratissimam
660 2136 843 2221 infantiam,
866 2141 899 2201 et
916 2139 1044 2222 qualem
1061 2137 1208 2222 plerum-

134 2247 195 2309 que
213 2225 358 2289 infelices
383 2225 571 2308 sortiuntur,
596 2225 680 2308 apud
698 2229 732 2289 te
751 2225 1115 2309 complexusamabam.
1141 2230 1208 2294 iam

133 2335 211 2377 uero
237 2311 302 2377 tibi
326 2313 422 2377 huius
451 2313 564 2378 amissi
595 2335 705 2378 recens
733 2314 849 2378 uulnus
878 2310 928 2399 (ut
951 2314 1029 2400 scis)
1057 2316 1207 2398 epicedio

132 2404 322 2484 prosecutus
342 2423 414 2466 sum
433 2400 511 2467 adeo
530 2402 723 2466 festinanter
741 2405 778 2466 ut
796 2403 1010 2467 excusandam
1031 2403 1209 2473 habuerim

134 2489 301 2555 affectibus
324 2490 389 2554 tuis
414 2490 620 2554 celeritatem.
656 2511 717 2554 nee
739 2511 824 2554 nune
848 2513 919 2556 eam
943 2492 1028 2574 apud
1050 2496 1083 2556 te
1107 2494 1208 2578 iacto,
1225 2504 1244 2548 1¹J

133 2578 188 2660 qui
215 2579 318 2662 nosti,
346 2577 458 2643 sedet
488 2579 602 2643 ceteris
628 2577 751 2662 indico;
778 2601 819 2644 ne
843 2580 915 2663 quis
938 2581 1101 2664 asperiore
1125 2583 1208 2647 lima

134 2687 264 2730 carmen
287 2667 449 2730 examinet
468 2670 500 2731 et
518 2689 538 2730 a
556 2668 692 2732 confuso
712 2667 868 2750 scriptum
887 2671 920 2732 et
938 2668 1062 2733 dolenti
1080 2668 1207 2754 datum5

134 2776 206 2818 cum
229 2775 332 2836 paene
356 2776 557 2838 superuacua
575 2756 641 2819 sint
663 2755 757 2822 tarda
775 2756 900 2821 solatia.
933 2756 1017 2821 Polli
1040 2758 1105 2820 mei
1123 2759 1207 2824 uilla

133 2840 335 2926 Surrentina,
364 2865 445 2926 quae
470 2844 627 2928 sequitur,
661 2843 772 2910 debuit
794 2867 814 2908 a
836 2867 888 2909 me
911 2847 964 2910 uel
987 2845 1021 2908 in
1045 2845 1206 2912 honorem

133 2932 334 3016 eloquentiae
363 2931 431 2995 cius
462 2931 647 3017 diligentius
671 2933 747 3018 dici,
772 2932 827 2997 sed
851 2933 972 2998 amicus
995 2934 1132 3018 ignouit.
1172 2938 1206 3000 in
1224 2943 1244 2989 1³

133 3020 279 3085 arborem
299 3022 385 3085 certe
407 3023 506 3104 tuam,
527 3019 651 3103 Melior,
674 3024 707 3086 et
728 3021 903 3106 psittacum
922 3021 985 3086 scis
1005 3043 1025 3084 a
1043 3044 1095 3087 me
1114 3024 1204 3089 leues

132 3109 261 3174 libellos
277 3109 370 3193 quasi
384 3109 627 3194 epigrammatis
641 3109 713 3175 loco
729 3110 874 3194 scriptos.
900 3109 1034 3175 eandem
1049 3112 1204 3197 exigebat

204 3335 245 3389 Ia
263 3335 343 3389 titulo
362 3334 417 3390 Sal.
437 3340 471 3389 A:
491 3336 612 3391 salutem
631 3337 671 3404 ⁰l
685 3338 748 3391 tad
766 3339 795 3392 te
813 3339 921 3408 spectet
938 3340 1050 3408 scopet:
1070 3345 1202 3410 expectet

132 3405 171 3457 Δ*
190 3411 207 3456 0
227 3407 389 3475 expectetur
406 3407 487 3461 Dora
510 3408 520 3474 l
544 3406 740 3475 optatissima
761 3408 882 3464 infantia
904 3415 958 3462 σι
970 3413 1009 3479 117
1029 3411 1203 3468 ammirabar

133 3475 237 3532 Mcrbl.
255 3479 259 3546 Ι
279 3476 337 3531 iam
355 3493 422 3531 uero
441 3477 536 3531 Dona:
564 3476 622 3530 iam
649 3495 705 3532 non
733 3480 1162 3548 021114honorecs,corr·.
1185 3489 1201 3538 ς
