2534 3948
134 201 198 267 134
496 201 526 256 Ρ.
545 195 685 259 PAPINII
703 201 825 260 STATII

128 353 278 440 Effigies:
296 352 359 417 hoc
378 372 450 416 aere
469 350 575 433 Ceres,
597 348 660 414 hoc
681 348 789 415 lucida
807 348 939 436 Onosis,

128 442 190 507 Illo
213 440 301 505 Maia
322 441 424 522 tholo,
447 437 559 504 Uenus
582 438 643 503 hoo
666 460 732 502 non
754 439 904 522 improba
926 462 1015 506 saxo.

129 531 306 614 Accipiunt
327 530 436 593 uultus
458 526 540 592 haut
561 527 730 612 indignate
753 528 887 593 decoros

127 617 284 684 Numina:
307 618 518 683 circumstant
540 616 654 680 famuli
677 619 894 700 consuetaque
916 619 1013 682 turbe
1151 638 1200 688 aee

129 706 315 792 Obsequiis‚
337 710 415 770 tunc
438 706 500 770 rite
522 705 588 791 tori
610 725 804 789 mensaeque
827 710 983 789 parantur

128 796 297 861 Assiduae.
343 795 458 859 domus
482 793 556 879 ista,
578 792 706 859 domus!
731 793 803 877 quis
826 794 921 859 triste
945 797 1132 880 sepulcrum

130 883 280 949 Dixerit?
301 884 363 949 hac
386 883 502 947 merito
524 883 597 946 uisa
618 882 739 965 pietate
762 881 871 948 mariti

128 969 281 1038 Protinus
305 973 477 1038 exclames:
502 970 568 1036 ‘est
590 970 652 1054 hic,
676 991 827 1056 agnosce,
850 971 999 1039 minister

128 1059 230 1143 Illius,
254 1066 405 1126 aeternae
428 1059 525 1126 modo
549 1060 605 1145 qui
628 1060 769 1126 sacraria
792 1061 883 1146 genti
1147 1083 1197 1132 240

128 1147 282 1214 Condidit
302 1150 400 1234 inque
423 1149 487 1214 alio
509 1149 620 1235 posuit
642 1171 702 1212 sua
725 1148 834 1213 sidera
853 1150 962 1216 caelo?

129 1235 190 1320 Sic,
212 1238 270 1302 ubi
292 1257 413 1322 magna
434 1259 557 1303 nouum
580 1236 700 1302 Phario
724 1235 763 1301 de
786 1237 881 1303 litore
903 1240 1020 1323 puppis

129 1323 235 1392 Soluit
257 1327 319 1392 iter
341 1327 470 1411 iamque
493 1327 681 1392 innumeros
704 1326 865 1411 utrimque
888 1327 1038 1394 rudentes

128 1413 274 1501 Ictaque
297 1415 422 1481 ueliferi
444 1415 588 1499 porrexit
609 1415 742 1481 brachia
765 1416 842 1480 meli

128 1502 317 1588 Inuasitque
339 1505 421 1588 uias,
444 1506 478 1570 in
501 1503 613 1570 eodem
637 1509 777 1590 angusta
798 1504 950 1588 phaselos
1145 1525 1194 1574 245

129 1592 278 1678 Aequore
302 1598 335 1659 et
356 1594 508 1658 immensi
525 1598 652 1678 partem
676 1594 736 1658 sibi
756 1593 901 1658 uindicet
923 1594 1034 1661 austri.

127 1680 212 1756 Quid
235 1704 321 1747 nunc
344 1682 531 1766 inmodicos,
554 1683 707 1747 iuuenum
730 1681 913 1766 lectissime,
935 1683 1029 1749 fletus

128 1767 232 1835 Corde
255 1770 347 1835 foues
370 1772 568 1856 longumque
591 1775 684 1836 uetes
708 1772 793 1836 exire
813 1771 978 1837 dolorem?

127 1857 252 1942 Nempe
275 1859 379 1942 times,
402 1880 443 1922 ne
467 1856 642 1924 Cerbereos
666 1859 814 1926 Priscilla
835 1864 1011 1927 tremescat

126 1945 302 2012 Latratus?
324 1951 412 2012 tacet
433 1947 487 2012 ille
509 1948 585 2032 piis!
612 1969 653 2013 ne
676 1949 800 2014 tardior
824 1949 909 2014 adsit

126 2034 249 2101 Nauita
271 2037 502 2121 proturbetque
526 2037 642 2102 uadis?
677 2037 768 2102 uehit
789 2037 843 2102 ille
865 2041 1025 2104 merentes

127 2124 280 2202 Protinus
305 2129 338 2190 et
360 2147 472 2190 menes
495 2126 640 2209 placidus
664 2127 751 2191 locat
773 2126 902 2211 hospite
926 2128 1049 2209 cymba.
1096 2203 1104 2214 κ
1250 2102 1251 2172 l

22 2211 307 2302 p-Praeterea,
331 2215 358 2278 si
382 2214 510 2298 quando
533 2215 588 2299 pio
610 2215 742 2280 laudata
764 2216 881 2281 marito

126 2300 252 2367 Umbra
274 2302 373 2386 uenit,
396 2302 486 2367 iubet
508 2302 555 2368 ire
578 2302 664 2368 faces
688 2302 883 2388 Proserpina
905 2306 1007 2371 laetas

124 2389 347 2475 Egressasquc
371 2391 469 2456 sacris
493 2395 617 2456 ueteres
645 2391 796 2458 heroidas
821 2393 924 2458 antris
1143 2415 1192 2463 255

125 2475 262 2544 Lumine
284 2477 446 2564 purpureo
469 2481 581 2545 tristes
605 2481 715 2546 laxare
737 2483 888 2547 tenebras

126 2564 282 2652 Sertaque
306 2571 339 2632 et
360 2568 491 2652 Elysios
515 2569 642 2633 animae
664 2574 887 2655 praesternere
910 2570 1013 2638 flores.
1248 2539 1249 2631 l

125 2653 178 2720 Sic
201 2678 312 2721 manes
331 2656 478 2723 Priscilla
501 2658 602 2743 subit3
629 2658 676 2723 ibi
700 2659 843 2743 supplice
866 2659 979 2724 dextra

124 2743 187 2809 Pro
210 2750 243 2810 te
266 2744 336 2810 fato
358 2750 462 2830 rogat,
484 2767 576 2831 reges
598 2747 661 2812 tibi
683 2748 787 2812 tristis
810 2747 933 2813 Auerni

125 2831 246 2916 Placet,
269 2839 307 2899 ut
330 2836 465 2920 expletis
488 2833 623 2900 humani
645 2836 763 2901 finibus
788 2837 860 2901 aeui
1142 2858 1191 2906 sco
1246 2915 1247 2922 p

123 2920 299 2988 Pacantem
322 2927 426 2988 terras
450 2923 616 2989 dominum
639 2925 853 3011 iuuenemque
875 2927 1039 3011 relinquas

124 3009 198 3095 Ipse
223 3013 331 3079 senex!
369 3017 477 3080 certae
500 3012 609 3076 iurant
630 3015 666 3078 in
688 3018 765 3079 uota
789 3036 925 3080 sorores.
1022 3055 1025 3062 ·

194 3177 246 3226 232
266 3169 365 3226 Gnosis
385 3175 402 3221 c
421 3187 446 3238 a,
465 3170 660 3239 corrcci11233
678 3171 738 3226 tolo
756 3176 780 3224 Δ
798 3177 828 3227 c:
850 3172 913 3227 loco
937 3191 965 3238 ις
985 3189 1053 3228 auro
1070 3174 1191 3240 1412155,-

123 3257 162 3295 arc
179 3241 261 3298 luto?
275 3244 285 3312 ΙΙ
298 3248 350 3298 236
369 3243 437 3295 tuno
455 3245 478 3293 Δ
496 3246 526 3295 0:
547 3243 609 3294 tum
627 3243 686 3297 edd.
713 3241 723 3311 ll
750 3247 803 3296 238
822 3243 875 3297 hec
898 3249 915 3294 ⁰
935 3262 952 3295 a
964 3245 974 3312 ΙΙ
988 3249 1040 3298 243
1060 3245 1190 3314 utrinque

123 3316 160 3364 A:
184 3313 323 3381 ubunqre
341 3313 447 3380 211245
466 3311 506 3380 in]
520 3311 544 3365 it
561 3309 712 3366 Gerendus
729 3311 738 3383 ll
757 3318 808 3367 24⁷
826 3313 929 3369 lectiss.
954 3319 990 3368 A:
1013 3313 1151 3371 letissime
1175 3323 1190 3368 c

125 3381 129 3452 l
150 3386 202 3506 25?
226 3383 336 3452 cymba]
360 3383 423 3452 ripa
447 3381 551 3438 Morti.
565 3383 576 3450 l
588 3386 640 3437 253
658 3383 770 3453 plorata
787 3383 890 3439 marito
911 3385 1015 3440 Morti,
1030 3387 1107 3455 11261
1128 3387 1190 3442 Pla-

124 3467 176 3506 oan
190 3469 235 3508 em
253 3459 271 3505 ll
289 3473 306 3505 a
